1670 3080
78 133 143 180 94
465 146 717 179 HEAUTON
754 148 1151 181 TIMORUMENos.

82 235 177 274 Illos
195 234 251 275 ibi
271 248 367 283 esse,
397 234 440 274 id
460 248 576 288 agere
595 235 699 275 inter
718 249 759 274 se
778 235 1015 276 clanculum.

82 302 204 354 Syrus
224 314 315 339 cum
334 300 402 339 illo
420 308 550 340 vestro
570 308 860 351 consusurrant,
892 302 1102 342 conferunt

83 365 257 406 Consilia
277 366 328 406 ad
347 366 620 406 adulescentes
637 381 646 407 ε
677 374 716 406 et
735 368 805 406 tibi
824 368 990 421 perdere
1488 371 1540 409 65

81 433 293 472 Talentum
313 432 387 471 hoc
406 439 522 485 pacto
542 433 662 472 satius
683 439 752 481 est,
785 447 905 486 quam
923 433 991 472 illo
1010 432 1175 473 minam.

81 499 176 539 Non
196 513 302 539 nunc
322 500 491 552 pecunia
511 500 653 552 agitur,
682 500 751 539 sed
770 500 879 547 illud,
910 514 990 553 quo
1009 500 1128 540 modo

82 565 254 605 Minimo
275 565 421 618 periclo
439 565 480 604 id
501 565 638 604 demus
667 565 974 605 adulescentulo.

82 630 190 669 Nam
211 630 243 669 si
263 629 385 669 semel
404 637 516 669 tuum
537 631 716 670 animum
735 631 801 671 ille
821 631 1072 680 intellexerit,

83 697 197 736 Prius
223 697 471 749 proditurum
491 704 529 736 te
549 704 660 737 tuam
681 698 815 747 vitam,
839 705 878 738 et
896 699 1005 752 prius
1493 700 1545 741 70

83 765 300 805 Pecuniam
321 779 492 813 omnem,
526 778 645 818 quam
665 766 734 805 abs
754 773 792 805 te
813 766 971 806 amittas
990 766 1140 807 filium:
1169 766 1262 808 hui!

83 833 291 877 Quantam
311 833 526 872 fenestram
545 833 595 872 ad
615 833 833 886 nequitiem
853 833 1114 886 patefeceris?

82 898 172 937 Tibi
191 904 327 937 autem
346 912 462 951 porro
482 904 526 937 ut
547 912 627 938 non
648 899 698 938 sit
717 913 837 938 suave
857 900 1012 939 vivere:

83 965 193 1005 Nam
213 965 423 1005 deteriores
443 979 580 1005 omnes
600 980 737 1006 sumus
756 967 928 1007 licentia.

85 1033 374 1086 Quodcumque
394 1033 576 1072 inciderit
595 1034 638 1073 in
659 1040 847 1083 mentem,
869 1034 999 1075 volet:
1029 1048 1159 1089 neque
1177 1035 1220 1076 id
1492 1036 1541 1076 75

83 1100 246 1140 Putabit
264 1114 482 1153 pravomne
502 1115 553 1140 an
573 1108 727 1140 rectum
748 1102 809 1151 sit,
841 1102 945 1155 quod
963 1108 1087 1156 petet.

82 1168 145 1208 Tu
165 1182 248 1207 rem
266 1168 405 1222 perire,
436 1173 477 1208 et
495 1169 625 1221 ipsum
641 1183 722 1208 non
743 1170 888 1222 poteris
907 1171 1002 1223 pati.

83 1235 191 1274 Dare
211 1235 418 1288 denegaris
434 1250 443 1275 ε
473 1236 546 1275 ibit
565 1237 616 1276 ad
635 1236 733 1276 illud
751 1237 869 1285 illico,

83 1303 172 1346 Quo
192 1316 379 1342 maxume
401 1303 506 1355 apud
526 1309 564 1342 te
584 1317 625 1342 se
646 1304 776 1343 valere
796 1305 949 1353 sentiet,

82 1369 298 1408 Abiturum
317 1383 358 1409 se
379 1370 448 1409 abs
469 1376 508 1409 te
529 1384 614 1410 esse
634 1370 739 1411 illico
758 1371 1017 1412 minitabitur.
1496 1375 1547 1411 80

83 1435 168 1475 ΜΕ.
201 1436 350 1476 Videre
371 1450 519 1485 verum,
543 1444 662 1490 atque
681 1438 737 1477 ita
754 1438 813 1477 uti
832 1451 894 1478 res
914 1444 983 1488 est,
1007 1438 1148 1478 dicere.

83 1503 158 1542 Cn.
190 1504 382 1542 Somnum
402 1503 535 1543 hercle
556 1517 630 1556 ego
650 1504 724 1543 hac
744 1510 860 1544 nocte
879 1506 1003 1546 oculis
1021 1520 1103 1546 non
1119 1506 1201 1547 vidi
1215 1505 1325 1554 meiS,

82 1569 191 1608 Dum
212 1569 253 1609 id
273 1583 419 1623 quaero,
443 1570 514 1608 tibi
535 1571 601 1622 qui
621 1570 749 1610 filium
770 1572 1030 1613 restituerem.

83 1635 169 1675 ΜΕ.
202 1637 308 1675 Cedo
328 1637 531 1676 dextram:
561 1651 677 1690 porro
696 1643 735 1677 te
755 1652 833 1687 oro,
855 1639 961 1679 idem
981 1646 1027 1679 ut
1045 1640 1179 1689 facias,
1197 1639 1380 1682 Chreme.

82 1703 157 1741 Cn.
188 1703 355 1742 Paratus
375 1716 474 1742 sum.
560 1703 648 1743 ME.
681 1705 796 1753 Scin’,
820 1705 914 1758 quid
932 1720 1039 1746 nunc
1058 1707 1187 1747 facere
1208 1713 1246 1748 te
1266 1708 1385 1748 volo?
1493 1710 1543 1747 85

81 1770 156 1808 CH.
187 1770 277 1810 Dic.
362 1770 450 1810 ME.
482 1771 600 1815 Quod
619 1772 788 1820 sensisti,
810 1772 897 1812 illos
917 1786 980 1813 me
1000 1774 1174 1828 incipere
1192 1773 1342 1823 fallere,

81 1836 130 1875 Id
150 1843 194 1876 ut
213 1843 414 1876 maturent
431 1837 561 1876 facere
579 1852 588 1876 :
619 1839 735 1890 cupio
754 1838 811 1877 illi
831 1839 936 1888 dare,

80 1904 198 1947 Quod
213 1903 315 1952 volt;
346 1904 462 1956 cupio
481 1903 612 1956 ipsum
625 1904 713 1957 jam
735 1905 877 1945 videre.
963 1906 1038 1946 Cn.
1070 1908 1244 1960 Operam
1264 1908 1379 1948 dab0.

79 1969 200 2020 Syrus
221 1975 280 2007 est
298 1967 614 2021 prehendendus,
637 1975 755 2021 atque
777 1970 1046 2010 adhortandus
1065 1972 1177 2012 mihi.

78 2036 116 2073 A
135 2050 200 2075 me
219 2036 352 2075 nescio
372 2035 458 2089 quis
479 2036 585 2074 exit:
615 2035 786 2075 concede
807 2036 899 2076 hinc
920 2032 1096 2086 domum,
1490 2043 1542 2079 90

79 2101 143 2141 Ne
165 2116 237 2141 nos
256 2102 361 2142 inter
380 2115 452 2141 nos
474 2102 695 2142 consentire
715 2103 900 2144 sentiant.

79 2167 250 2207 Paulum
271 2167 346 2207 hoc
365 2168 500 2221 negoti
520 2167 575 2206 mi
596 2168 748 2207 obstat:
781 2169 911 2208 Simus
931 2175 970 2209 et
990 2169 1097 2210 Crito

78 2233 213 2272 Vicini
232 2234 355 2272 nostri
374 2233 438 2273 hic
459 2233 667 2286 ambigunt
685 2234 732 2273 de
751 2233 920 2275 finibusz

77 2300 149 2340 Me
170 2314 309 2353 cepere
330 2301 541 2340 arbitrum:
571 2301 636 2340 ibo
656 2314 702 2340 ac
722 2300 864 2351 dicam,
886 2309 932 2342 ut
951 2303 1141 2351 dixeram,

77 2367 253 2420 Operam
275 2367 460 2407 daturum
481 2381 558 2416 me,
580 2367 696 2406 hodie
715 2380 794 2406 non
815 2382 928 2420 posse
948 2369 995 2408 iis
1015 2370 1121 2410 dare.
1485 2375 1536 2413 95

76 2433 273 2472 Continuo
292 2433 357 2472 hic
378 2434 509 2474 adero.
595 2433 683 2472 ΜΕ.
714 2433 778 2473 Ita
799 2448 946 2486 quaeso.
1003 2436 1059 2475 Di
1078 2442 1253 2477 vostram
1272 2436 1417 2477 fidem!

76 2501 141 2540 Ita
160 2506 430 2553 comparatam
451 2514 536 2539 esse
556 2494 764 2539 hominum
785 2507 968 2541 naturam
989 2503 1180 2552 omnium,

75 2566 221 2606 Aliena
239 2572 284 2605 ut
303 2565 444 2604 melius
463 2565 624 2604 videant
642 2571 682 2605 et
701 2566 928 2618 dijudicent,

75 2634 208 2677 Quam
229 2631 324 2670 sua?
352 2645 403 2670 an
425 2645 471 2670 eo
493 2632 547 2680 fit,
570 2632 663 2684 quia
681 2645 723 2670 re
742 2632 782 2670 in
803 2639 937 2672 nostra
957 2638 1026 2672 aut
1038 2634 1184 2687 gaudio

75 2701 219 2739 Sumus
238 2699 443 2752 praepediti
465 2700 588 2738 nimio
608 2705 677 2739 aut
695 2700 956 2752 aegritudine?
1455 2703 1534 2741 100

75 2767 155 2806 Hic
175 2766 275 2805 mihi
296 2779 402 2804 nunc
425 2773 573 2818 quanto
592 2766 681 2819 plus
700 2766 812 2818 sapit,
835 2780 954 2818 quam
975 2772 1133 2820 egomet
1150 2766 1261 2808 mihi.

76 2832 150 2872 Cn.
181 2831 355 2872 Dissolui
374 2846 450 2882 me,
481 2846 602 2885 ocyus
622 2845 781 2886 operam
801 2837 845 2871 ut
863 2832 935 2871 tibi
955 2832 1103 2872 darem.

1655 2015 1670 2173 onwan-m.
1662 1972 1670 2007 ΠΑΛ-
1660 1958 1662 1961 ·
1668 1944 1670 1946 .
1668 1883 1670 1903 Α.
