1670 3080
487 174 645 207 Ac'rns
683 174 760 206 111.
831 173 993 206 scENA
1035 175 1077 206 v.
1482 158 1543 206 57

80 262 248 308 Nostine
274 263 391 312 hanc,
423 277 544 316 quam
573 270 682 302 amat
706 263 854 302 frater?
928 263 1010 302 ΑΝ.
1050 261 1181 311 Novi;
1214 275 1371 314 nempe,
1392 262 1544 314 opinor,

241 328 447 368 Thaidem.
1499 330 1546 367 15

80 395 155 435 Cn.
204 395 330 435 Istam
367 395 506 448 ipsam.
595 396 673 435 ΑΝ.
724 395 788 434 Sic
826 395 1190 434 commemineram.
1285 394 1362 433 Cu.
1412 393 1545 434 Hodie

76 465 86 470 ’
242 462 424 514 quaedam
445 466 504 500 est
523 460 559 500 ei
579 461 684 500 dono
703 461 797 500 data

80 526 231 579 Virgo:
263 527 346 580 ejus
379 526 475 579 quid
507 540 582 579 ego
613 526 685 565 tibi
718 540 826 566 nunc
855 526 1002 566 faciem
1034 525 1250 580 praedicem
1279 530 1349 565 aut
1373 525 1546 574 laudem,

241 591 446 644 Antipho:

80 658 182 697 Cum
201 671 266 697 me
285 658 369 711 ipse
389 657 495 697 noris
515 670 636 710 quam
656 657 818 710 elegans
836 657 1056 696 formarum
1076 661 1274 710 spectator
1292 656 1422 696 siem?

79 722 130 762 In
162 723 238 763 hac
265 728 486 762 commotus
519 736 620 762 sum.
705 723 787 762 AN.
828 722 923 762 Ain’
944 723 1018 761 tu?
1101 722 1176 761 Cu.
1218 721 1395 761 Primam
1428 720 1546 770 dices,

241 788 332 837 scio,
355 788 387 827 si
405 787 561 827 videris.

78 854 186 898 Quid
203 853 330 893 multa
348 854 498 893 verba?
526 866 659 892 amare
679 853 783 907 coepi
800 867 809 892 :
839 853 939 893 forte
959 853 1119 893 fortuna
1137 853 1246 893 domi
1497 855 1550 892 20

79 921 176 960 Erat
195 921 359 974 quidam·
378 919 606 969 Eunuchus,
630 934 749 973 quem
769 926 968 960 mercatus
986 921 1109 960 frater
1126 921 1258 960 fuerat
1276 919 1422 959 Thaidi
1439 935 1447 959 ε

78 987 220 1040 Neque
239 987 272 1026 is
292 987 483 1026 deductus
503 987 623 1026 etiam
644 992 730 1026 tum
750 987 801 1027 ad
820 1001 909 1027 eam
927 1001 935 1027 ε
967 988 1198 1027 submonuit
1216 1002 1281 1027 me
1303 983 1502 1027 Parmeno
1519 1029 1527 1033 ,

79 1055 141 1094 Ibi
161 1068 307 1103 servus,
330 1054 436 1107 quod
455 1067 529 1106 ego
549 1054 708 1107 arripui.
795 1055 876 1094 AN.
916 1055 1024 1100 Quid
1042 1055 1084 1095 id
1103 1057 1191 1095 est?
1275 1056 1350 1095 Cu.
1390 1055 1551 1095 Tacitus

240 1121 357 1161 citius
377 1121 514 1160 audies
530 1135 540 1170 ;

77 1189 134 1228 Ut
152 1194 302 1228 vestem
322 1202 413 1228 cum
433 1188 501 1227 illo
520 1194 684 1237 mutem,
706 1193 835 1242 et-pro
855 1188 923 1228 illo
937 1188 1102 1243 jubeam
1122 1203 1186 1229 me
1206 1189 1298 1229 illoc
1319 1189 1466 1229 ducier.

80 1258 159 1297 AN.
200 1258 277 1296 Pro
306 1256 573 1296 Eunuchon’?
657 1257 733 1297 Cu.
774 1257 838 1297 Sic
868 1263 938 1298 est.
1024 1259 1106 1298 Au.
1146 1258 1254 1303 Quid
1281 1263 1326 1297 ut
1354 1272 1406 1297 ex
1434 1271 1481 1298 ea
1505 1271 1551 1306 ‘re

239 1325 401 1364 tandem
422 1338 584 1378 caperes
604 1326 833 1365 commodi?
1500 1327 1551 1364 25

80 1392 154 1431 Cu.
195 1392 357 1444 Rogas?
399 1392 587 1442 viderem,
623 1393 813 1442 audirem,
850 1406 977 1433 essem
1014 1407 1096 1433 una
1129 1393 1292 1446 quicum
1329 1392 1550 1446 cupiebam,

243 1460 435 1513 Antipho.

81 1526 191 1566 Num
210 1540 334 1580 parva
353 1540 484 1576 causa,
506 1531 575 1566 aut
592 1540 717 1580 prava
734 1527 912 1567 ratio’st?
939 1527 1107 1567 traditus
1127 1541 1216 1567 sum
1234 1526 1406 1566 mulieri.

82 1593 159 1633 Illa
177 1593 282 1633 illico
300 1594 370 1633 ubi
388 1608 454 1633 me
474 1594 638 1647 accepit,
659 1593 754 1633 laeta
771 1608 865 1633 vero
886 1594 936 1633 ad
955 1608 996 1633 se
1017 1594 1179 1634 abducit
1197 1593 1362 1634 domum
1379 1608 1388 1632 :

81 1659 346 1700 Commendat
364 1660 572 1713 virginem.
631 1660 700 1700 AN
736 1660 839 1699 Cui?
867 1660 1021 1700 tibine?
1078 1661 1153 1700 Cn.
1172 1659 1288 1699 Mihi.
1347 1661 1429 1700 ΑΝ.
1453 1660 1555 1700 Satis

243 1733 328 1766 tuto
348 1733 496 1767 tamen.

82 1794 158 1832 Cn.
199 1793 332 1833 Edicit
349 1807 401 1832 ne
421 1794 482 1833 vir
501 1793 711 1847 quisquam
734 1794 785 1833 ad
804 1807 894 1832 eam
913 1792 1052 1832 adeat:
1084 1798 1122 1833 et
1149 1793 1218 1842 mi,
1248 1807 1299 1833 ne
1328 1793 1553 1843 abscedam,

244 1860 438 1914 imperat:
1503 1862 1556 1900 30

82 1928 133 1967 In
152 1927 338 1968 interiore
357 1933 470 1981 parte
489 1933 535 1967 ut
552 1941 740 1967 maneam
760 1927 866 1967 solus
886 1941 978 1967 cum
999 1927 1104 1968 sola:
1135 1941 1270 1968 annuo

81 1993 247 2035 Terram
273 1995 433 2034 intuens
454 1995 645 2034 modeste.
731 1995 812 2034 AN.
853 1994 1003 2034 Miser!
1091 1995 1167 2035 Cu.
1209 1995 1309 2049 Ego,
1335 1995 1477 2049 inquit,
1505 1997 1557 2037 ad

243 2075 401 2101 coenam
419 2060 515 2100 hinc
536 2074 583 2100 eo
601 2074 610 2099 :

82 2127 259 2168 Abducit
278 2141 413 2167 secum
432 2127 597 2167 ancillas
614 2142 623 2167 ε
644 2141 795 2180 paucae,
818 2141 908 2181 quae
928 2127 1078 2167 circum
1097 2127 1208 2167 illam
1229 2133 1372 2177 essent,
1393 2136 1560 2169 manent

83 2195 262 2235 Noviciae
281 2194 427 2248 puellae
443 2210 452 2234 ε
483 2194 674 2234 continuo
692 2194 780 2234 haec
800 2195 998 2234 adornant
1015 2200 1061 2234 ut
1078 2194 1197 2234 lavet.

82 2261 285 2301 Adhortor
302 2267 518 2315 properent
534 2276 543 2300 ε
574 2261 670 2301 dum
690 2267 915 2315 apparatur,
937 2261 1050 2314 virgo
1069 2261 1111 2301 in
1131 2261 1313 2302 conclavi
1332 2262 1444 2301 sedet
1506 2265 1558 2302 35

83 2329 322 2382 Suspectans
354 2329 532 2368 tabulam
565 2328 769 2381 quandam
806 2329 949 2382 pictam
964 2343 974 2377 ;
1016 2329 1086 2368 ubi
1117 2329 1247 2369 inerat
1273 2328 1429 2382 pictura
1456 2328 1558 2378 haec,

246 2396 272 2436 J
275 2410 392 2436 ovem

83 2464 173 2508 Quo
199 2469 316 2517 pacto
346 2464 509 2503 DanaleS
533 2463 687 2504 misisse
721 2464 835 2503 aiunt
863 2463 1066 2517 quondam
1091 2464 1134 2503 in
1162 2464 1363 2517 gremium
1389 2464 1561 2505 imbrem

246 2545 424 2571 aureum.

86 2598 256 2650 Egomet
274 2611 431 2651 quoque
450 2598 494 2637 id
512 2602 691 2650 spectare
711 2597 816 2650 coepi
833 2611 841 2637 :
873 2603 913 2637 et
932 2597 1026 2650 quia
1045 2597 1294 2637 consimilem
1313 2597 1462 2637 luserat

85 2664 107 2704 J
114 2678 179 2704 am
198 2664 293 2704 olim
313 2664 379 2703 ille
398 2664 553 2713 ludum,
573 2663 778 2717 impendio
798 2664 927 2716 magis
947 2664 1105 2703 animus
1124 2665 1326 2717 gaudebat
1344 2665 1443 2705 mihi
1459 2679 1470 2714 ;

86 2732 219 2772 Deum
239 2745 324 2772 sese
345 2732 386 2771 in
405 2731 613 2772 hominem
633 2731 885 2780 convertisse,
908 2737 949 2770 et
966 2745 1038 2784 per
1057 2730 1206 2771 alienas
1226 2731 1380 2784 tegulas
1508 2734 1564 2771 40

86 2799 254 2839 Venisse
275 2798 502 2839 clanculum
522 2813 594 2852 per
613 2798 864 2852 impluvium,
885 2798 1023 2837 fucum
1042 2786 1194 2837 factum
1213 2797 1383 2837 mulieri.
1411 2831 1413 2833 ,

19 2910 21 2912 ,
47 2906 50 2907 ⁷
87 2865 145 2905 At
164 2879 283 2919 quem
303 2865 464 2906 Deum?
493 2866 561 2918 qui
580 2864 731 2919 templa
750 2864 842 2904 coeli
859 2878 1019 2908 ,summa
1038 2864 1171 2904 sonitu
1190 2862 1379 2904 concutit.

786 2933 855 2971 n3
