1670 3080
137 134 232 181 100
533 149 781 181 HEAUTON
817 149 1203 183 TIMORUMENOS.

135 239 210 278 Cn.
249 237 366 279 Unde
386 238 535 280 habes?
592 241 656 280 So.
693 241 824 285 Quam
844 241 1013 281 Bacchis
1032 255 1168 282 secum
1188 242 1355 282 adduxit
1368 242 1603 284 adulescen-

297 305 435 345 tulam.
522 306 588 345 Sy.
629 307 738 346 Hem
754 307 764 346 ἔ

134 369 209 409 Cu.
241 370 348 415 Quid
367 384 414 410 ea
433 372 594 411 narrat?
668 373 734 411 So.
775 372 846 421 Ea,
867 372 1045 412 lavatum
1065 373 1161 412 dum
1180 372 1223 421 it,
1244 373 1484 414 servandum
1502 373 1600 415 mihi

297 437 416 477 dedit.

134 503 332 544 Animum
350 507 433 544 non‘
453 504 607 544 advorti
626 505 799 558 primum
816 520 825 545 ε
856 506 925 545 sed
944 511 1154 559 postquam
1174 506 1322 559 aspexi,
1342 505 1448 547 illico

138 571 328 624 Cognovi,
346 572 400 611 ad
421 578 459 610 te
480 572 631 612 exsilui.
718 573 792 612 CH.
826 573 933 617 Quid
952 586 1059 612 nunc
1080 572 1278 625 suspicare
1298 579 1368 612 aut
1385 573 1550 625 invenis⁴

133 637 196 676 De
216 637 313 677 illa?
359 638 424 678 So.
447 638 592 678 Nescio
607 654 619 688 ;
640 639 716 679 nisi
731 653 782 679 ex
795 640 881 692 ipsa
897 653 1063 692 quaeras,
1080 639 1187 678 unde‘
1202 639 1310 679 hunc
1324 639 1534 689 habueri&
1547 642 1599 680 45

135 704 176 743 Si
194 705 297 757 potis
317 711 376 745 est
394 706 569 759 reperiri.
655 707 722 746 ΒΥ.
763 706 928 746 Interii:
958 705 1048 759 plus
1068 706 1152 758 spei
1170 705 1298 755 video,
1319 719 1440 759 quam
1459 705 1575 747 volo:
1606 742 1616 749 .

136 771 282 813 Nostra
321 778 390 822 est,
431 773 464 812 si
500 773 556 813 ita
593 779 663 813 est.
761 774 836 813 Cn.
886 773 1050 813 Vivitne
1097 772 1177 822 illa,
1227 773 1291 812 cui
1327 778 1372 813 tu
1408 773 1603 824 dederas?

300 841 366 880 So.
407 841 566 880 Nescio.

134 906 208 945 Cn.
249 907 355 951 Quid
373 907 616 947 renuntiavit
635 907 760 946 olim?
843 907 909 946 So.
950 907 1106 947 Fecisse
1126 906 1179 956 id,
1202 907 1308 960 quod
1320 907 1530 961 jusseram.

134 972 209 1011 Cn.
249 972 409 1012 Nomen
429 972 586 1012 mulieri
606 972 704 1013 cedo
723 973 829 1026 quod
849 973 909 1021 sit,
931 979 977 1012 ut
996 979 1207 1026 quaeratur.
1285 974 1351 1014 So.
1385 973 1572 1014 Philtere.

137 1038 203 1078 SY.
245 1038 339 1092 Ipsa
358 1044 442 1078 est:
472 1038 633 1086 mirum,
659 1039 701 1078 ni
726 1038 795 1079 illa
822 1039 931 1079 salva
959 1045 1029 1088 est,
1061 1045 1102 1079 et
1128 1053 1202 1093 ego
1227 1040 1338 1093 perii.
1416 1041 1491 1081 Cu.
1531 1042 1602 1082 So-

294 1109 415 1144 strata
1547 1110 1601 1149 50

135 1170 307 1223 Sequere
325 1184 390 1209 me
410 1135 514 1210 intro
534 1170 621 1211 hac.
688 1171 751 1210 So.
787 1170 844 1210 Ut
861 1176 1006 1224 praeter
1025 1185 1137 1225 spem
1157 1170 1290 1211 evenit
1306 1185 1315 1211 ε
1345 1183 1468 1224 quam
1485 1171 1603 1212 timui

295 1236 412 1285 male,

133 1302 196 1341 Ne
217 1315 323 1342 nunc
344 1303 478 1342 animo
498 1304 553 1343 ita
572 1317 678 1343 esses
698 1304 808 1353 duro,
829 1311 875 1343 ut
893 1304 987 1343 olim
1007 1304 1049 1343 in
1069 1304 1257 1353 tollendo,
1280 1304 1462 1344 Chreme.

134 1369 208 1407 Cn.
250 1368 344 1408 Non
363 1368 456 1408 licet
473 1369 679 1408 hominem
699 1383 782 1409 esse
803 1383 908 1422 saepe
928 1370 984 1409 ita
1002 1374 1047 1408 ut
1066 1369 1159 1418 volt,
1181 1370 1214 1409 si
1231 1383 1294 1409 res
1313 1383 1395 1409 non
1414 1369 1518 1409 sinit.

134 1436 254 1475 Nunc
274 1436 330 1475 ita
349 1442 505 1490 tempus
524 1437 611 1485 fert,
632 1436 689 1476 mi
707 1442 753 1476 ut
772 1436 930 1489 cupiam
950 1435 1099 1485 filiam;
1130 1435 1226 1476 olim
1245 1435 1303 1476 nil
1321 1435 1478 1476 minus(

543 1643 720 1683 ACTUS
752 1644 826 1683 IV.
895 1642 1074 1682 SCENA
1108 1642 1165 1682 ΙΙ.

797 1744 943 1783 SYRus

134 1849 223 1889 Nisi
241 1849 482 1889 me'animus
501 1849 614 1897 fallit,
635 1849 744 1888 haud
762 1848 1007 1902 permultum
1026 1861 1050 1888 a
1067 1862 1133 1888 me
1153 1847 1280 1888 aberit
1295 1847 1557 1888 infortunium
1573 1861 1583 1886 τ

134 1917 198 1956 Ita
216 1916 291 1956 hac
309 1930 352 1956 re
371 1916 414 1955 in
434 1922 648 1969 angustum
669 1916 813 1969 oppido
833 1929 940 1963 nunc
959 1930 1063 1955 meae
1082 1921 1280 1968 coguntur
1298 1915 1423 1969 copiae
1440 1929 1450 1955 ε

134 1981 224 2021 Nisi
242 1981 375 2034 aliqua
393 1981 519 2030 video,
541 1995 592 2020 ne
613 1994 697 2020 esse
718 1981 889 2020 amicam
909 1981 1013 2020 hanc
1031 1981 1145 2033 gnati
1163 1981 1348 2021 resciscat
1365 1994 1501 2021 senex.

133 2048 251 2096 Nam,
273 2048 379 2100 quod
397 2047 445 2086 de
465 2052 629 2099 argento
649 2060 806 2099 sperem
826 2051 895 2085 aut
912 2059 1025 2098 posse
1045 2045 1243 2098 postulem
1264 2060 1330 2086 me
1347 2045 1496 2095 fallere,
1612 2086 1618 2090 ,

133 2113 246 2153 Nihil
266 2118 349 2152 est:
381 2111 596 2165 triumpho,
618 2111 651 2150 si
669 2111 764 2150 licet
782 2124 847 2150 me
866 2110 990 2150 latere
1010 2116 1114 2150 meto
1134 2111 1356 2151 abscedere.
1577 2114 1601 2151 5

134 2178 307 2226 Crucior‚
328 2177 464 2216 bolum
484 2176 583 2217 mihi
603 2182 760 2216 tantmn
781 2181 964 2228 ereptum
983 2181 1066 2214 tam
1087 2176 1267 2216 desubito
1286 2190 1308 2216 e
1326 2173 1518 2217 faucib'us.
1618 2223 1626 2230 ‚
1648 2174 1651 2177 ‘

133 2242 241 2288 Quid
266 2243 410 2296 agam?
443 2248 512 2282 aut
541 2241 637 2294 quid
663 2241 972 2281 comminiscar?
998 2241 1098 2281 ratio
1118 2242 1167 2282 de
1196 2242 1352 2295 integro
1379 2241 1605 2283 ineunda’st

300 2308 412 2348 mihi.
1563 2307 1570 2311 ’

136 2375 207 2415 Nil
225 2381 308 2415 tam
328 2373 549 2423 difficile’st,
570 2373 667 2427 quin
691 2374 906 2426 quaerendo
924 2374 1155 2428 investigari
1173 2375 1331 2428 possiet.

135 2441 253 2490 Quid,
276 2441 309 2480 si
327 2441 402 2480 hoe
421 2453 529 2480 nunc
547 2439 602 2479 sic
622 2439 842 2492 incipiam?
862 2440 962 2482 nihil
982 2446 1063 2480 est:
1085 2440 1192 2493 quid,
1212 2439 1246 2480 si
1263 2440 1350 2480 sic?
1367 2435 1619 2479 tantundem

300 2521 387 2560 ago.
1558 2520 1560 2522 ’
1635 2545 1640 2548 .

137 2575 194 2614 At
222 2574 277 2614 sic
306 2573 471 2627 opinor:
501 2585 582 2612 non
614 2577 770 2625 potest:
801 2572 926 2613 immo
959 2577 1120 2626 optume
1138 2586 1147 2611 :
1177 2571 1302 2624 euge!
1330 2570 1459 2611 habeo
1478 2570 1606 2624 'epm-⁶
1638 2590 1641 2591 ⁷

302 2654 423 2679 mam.
1554 2635 1619 2676 10⁰
1638 2659 1639 2662 ¹
1669 2631 1670 2648 ἱ

137 2706 356 2747 Retraham
376 2705 524 2755 hercle,
546 2705 698 2759 opinor,
727 2705 779 2744 ad
804 2718 869 2744 me
896 2705 1004 2745 idem
1030 2704 1130 2745 illud
1154 2703 1369 2758 fugitivum
1394 2707 1607 2756 argentum

302 2779 447 2813 tamen.
1633 2780 1635 2782 ·
