1670 3080
499 278 678 320 ACTUS
708 277 790 319 IIIe
850 277 1031 318 SCENA
1061 277 1144 318 111.

584 380 798 419 Cnmmns.
856 379 1056 419 PY'rfflAs.

86 489 162 530 Cn.
202 487 383 528 Profecto
404 490 553 539 quanto
571 485 700 538 magis
720 484 926 538 magisque
947 484 1089 538 cogito,

85 555 286 596 Nimirum
305 555 415 596 dabit
432 554 519 594 haec
538 553 659 593 Thais
678 552 778 593 mihi
796 565 990 605 magnum
1009 552 1162 593 malum
1179 567 1189 592 :

83 622 148 662 Ita
165 635 231 662 me
251 622 301 662 ab
321 635 368 661 ea
386 625 512 660 astute
531 620 648 660 video
667 619 952 659 labefactarier.

82 688 109 728 J
112 702 177 728 am
196 692 283 727 tum
303 701 395 728 cum
414 686 589 740 primum
602 685 722 738 jussit
739 698 804 724 me
824 685 877 724 ad
895 699 937 724 se
957 685 1169 735 arcessier;

83 755 216 808 Roget
234 755 332 807 quis,
355 753 451 806 quid
470 753 541 792 tibi
559 766 652 792 cum
671 765 743 800 ea;
773 764 825 791 ne
844 764 985 791 noram
1006 752 1180 804 quidem.
1530 759 1554 795 5

81 823 161 862 Ubi
179 822 283 871 veni,
305 835 477 870 causam,
497 826 542 860 ut
560 820 615 860 ibi
632 832 851 867 manerem,
871 818 1042 872 reperit:

80 890 152 930 Ait
169 903 255 929 rem
274 889 451 929 divinam
470 887 621 936 fecisse,
643 891 684 926 et
701 900 787 926 rem
806 886 950 926 seriam

80 955 196 996 Velle
216 970 334 1010 agere
352 969 523 996 mecum.
581 955 606 994 J
609 968 675 994 am
694 959 779 994 erat
797 959 883 994 tum
903 953 1085 1007 suspicio,

79 1022 184 1064 Dolo
202 1023 308 1063 malo
326 1022 415 1063 haec
434 1022 521 1062 fieri
541 1021 676 1061 omnia
692 1035 701 1060 :
731 1020 819 1074 ipsa
838 1020 1073 1060 accumbere

78 1091 243 1132 Mecum
259 1105 269 1141 ;
299 1090 399 1130 mihi
418 1103 502 1130 sese
522 1090 616 1129 dare
634 1103 643 1129 :
674 1101 900 1128 sermonem
920 1100 1110 1140 quaerere.
1504 1091 1556 1128 10

77 1159 157 1199 Ubi
173 1159 303 1212 friget,
323 1158 402 1198 huc
422 1158 556 1206 evasit,
579 1170 699 1210 quam
717 1155 873 1211 pridem
890 1159 1005 1208 pater

76 1226 139 1267 Mi
158 1231 198 1266 et
215 1231 344 1266 mater
360 1226 507 1265 mortui
526 1229 678 1264 essent:
709 1223 808 1272 dico,
823 1222 911 1276 jam
930 1222 1011 1261 diu.

75 1293 161 1334 Rus
181 1293 293 1333 Sunii
313 1292 466 1345 ecquod
482 1291 666 1340 habeam,
689 1295 729 1329 et
747 1303 868 1343 quam
886 1288 1006 1341 longe
1026 1301 1050 1327 a
1067 1288 1181 1328 mari.

76 1361 203 1402 Credo
222 1360 259 1401 ei
275 1360 431 1414 placere
450 1359 538 1408 hoc,
559 1363 692 1412 sperat
710 1371 751 1397 se
772 1371 796 1397 a
813 1371 879 1397 me
899 1355 1081 1396 avellere.

75 1429 293 1483 Postremo,
315 1441 439 1481 ecqua
457 1427 550 1466 inde
569 1439 694 1479 parva
711 1425 892 1478 periisset
910 1437 1046 1473 soror;
1499 1425 1548 1462 15

75 1495 223 1549 Ecquis
243 1496 335 1535 cum
355 1509 403 1534 ea
420 1507 526 1543 una3
558 1492 701 1546 ecquid
719 1492 922 1532 habuisset
940 1505 1031 1531 cum
1050 1490 1179 1543 perit;

74 1563 222 1617 Ecquis
241 1576 331 1602 eam
349 1566 483 1615 posset
500 1573 676 1600 noscere.
699 1559 802 1598 Haec
823 1572 893 1598 cur
913 1557 1096 1610 quaeritet

73 1630 164 1671 Nisi
183 1630 216 1670 si
234 1629 304 1670 ina
321 1630 434 1678 forte,
457 1640 548 1680 quae
569 1625 665 1667 olim
685 1625 806 1680 periit
824 1624 1002 1678 parvola,

72 1700 175 1739 Eam
195 1712 279 1738 sese
298 1697 472 1737 intendit
490 1709 586 1744 esse,
606 1700 652 1734 ut
671 1699 731 1733 est
749 1692 929 1732 audacia.

73 1766 228 1806 Verum
247 1779 294 1805 ea
312 1764 346 1804 si
363 1763 474 1812 vivit,
496 1775 622 1802 annos
642 1759 788 1800 nata’st
806 1758 979 1799 sedecim
996 1771 1006 1797 ε
1497 1757 1551 1794 20

73 1834 168 1889 Non
187 1833 337 1886 major:
368 1830 501 1879 Thais,
524 1842 645 1882 quam
665 1841 739 1881 ego
758 1840 859 1875 sum,
879 1823 1162 1880 majuscula'st.

72 1901 188 1942 Misit
205 1914 322 1954 porro
342 1912 465 1948 orare,
485 1903 532 1937 ut
549 1896 741 1944 venirem,
762 1894 876 1934 serio.

72 1971 158 2009 Aut
176 1968 283 2008 dicat
300 1967 397 2020 quid
414 1965 508 2014 volt,
531 1970 600 2004 aut
617 1962 784 2003 molesta
801 1974 854 2001 ne
874 1960 959 2000 siet.

72 2037 166 2077 Non
185 2034 317 2076 hercle
337 2033 496 2074 veniam
515 2031 644 2072 tertio.
703 2030 831 2078 Heus,
851 2028 964 2077 heus,
986 2026 1124 2080 ecquis
1141 2025 1238 2065 hic?

71 2103 159 2156 Ego
178 2116 266 2142 sum
287 2100 488 2141 Chremes.
573 2099 647 2138 ΡΥ.
687 2098 723 2137 Ο
744 2094 963 2150 capitulum
981 2092 1272 2147 lepidissimum
1289 2092 1299 2131 !
1495 2093 1546 2130 25

71 2171 147 2211 Cn.
186 2169 290 2209 Dico
309 2182 384 2222 ego
402 2168 459 2207 mi
478 2165 641 2206 insidias
660 2164 773 2204 fieri?
830 2163 903 2202 ΡΥ.
944 2161 1068 2202 Thais
1086 2173 1279 2201 maxumo

70 2237 128 2279 Te
147 2239 284 2279 orabat
298 2251 428 2291 opere,
449 2241 495 2275 ut
514 2248 600 2275 cras
618 2233 779 2274 redires.
867 2231 942 2270 Cn.
983 2230 1068 2269 Rus
1088 2242 1147 2268 eo.

71 2306 143 2348 ΡΥ.
183 2305 263 2346 Fac
283 2305 438 2344 amabo.
515 2302 591 2341 Cn.
628 2300 723 2340 Non
743 2311 917 2352 possum,
938 2296 1116 2348 inquam.
1194 2294 1286 2347 ΡΥ.Μ
1301 2293 1359 2333 At
1377 2298 1421 2332 tu
1441 2292 1550 2346 apud

230 2387 304 2413 nos
321 2372 387 2412 hic
406 2384 537 2420 mane,

70 2442 180 2482 Dum
198 2441 336 2481 redeat
352 2440 450 2493 ipsa.
536 2438 612 2477 Cn.
652 2434 723 2475 Nil
741 2433 888 2474 minus.
975 2430 1048 2469 ΡΥ.
1090 2429 1181 2478 Cur,
1203 2425 1261 2466 mi
1281 2425 1501 2466 Chremes?

71 2510 147 2550 Cn.
187 2508 342 2549 Malam
359 2521 446 2547 rem
466 2506 559 2545 nine
578 2503 683 2544 ibis?
766 2501 840 2540 ΡΥ.
881 2499 923 2538 Si
941 2497 1042 2537 istuc
1061 2495 1118 2535 ita
1136 2494 1342 2535 certum’st
1360 2493 1443 2543 tibi,
1492 2495 1546 2533 30

71 2577 240 2625 Amabo,
260 2581 307 2615 ut
323 2574 417 2614 illuc
437 2580 624 2620 transeas,
645 2569 714 2610 ubi
732 2567 862 2608 illa’st.
949 2565 1024 2604 Cn.
1064 2563 1136 2604 Eo.

71 2644 144 2685 ΡΥ.
184 2643 276 2693 Abi,
299 2641 455 2690 Dorias,
478 2640 555 2680 cito
573 2638 682 2678 hunc
702 2635 829 2676 deduc
849 2633 900 2674 ad
917 2631 1100 2672 militem.
