1670 3080
494 112 653 145 Ac'rus
695 112 751 145 11.
823 113 989 146 SCENA
1022 114 1100 146 111.
1506 104 1565 151 89

93 198 281 252 Agedum
300 198 486 248 vicissim,
509 200 619 252 Syre,
641 199 717 250 dic,
740 213 830 254 quae
850 199 969 240 illa’st
987 200 1122 240 altera.

93 266 160 305 SY.
202 265 449 306 Adducimus
482 272 594 307 tuam
628 267 883 307 Bacchidem.
979 268 1094 307 Cmr.
1146 267 1275 307 Hem!
1317 269 1435 322 quid?
1470 271 1569 311 Bac-

254 333 444 373 chidem?
1517 340 1569 379 70

90 398 188 448 Eho,
211 399 383 449 sceleste,
419 414 497 454 quo
530 400 641 441 illam
672 401 814 441 ducis?
898 401 964 440 SY.
1006 402 1097 446 Quo
1130 415 1205 455 ego
1233 401 1375 442 illam?
1413 403 1465 443 ad
1497 417 1569 444 nos

251 467 412 507 scilicet.

86 532 200 572 Cur.
231 534 300 574 Ad
319 535 557 588 patremne?
641 535 708 574 SY.
745 534 813 574 Ad
833 548 926 574 eum
946 535 1091 588 ipsum.
1179 535 1295 575 Cm'r.
1337 536 1374 575 Ο
1394 535 1567 577 hominis

247 602 524 655 impudentem
543 602 766 642 audaciam.
854 603 922 642 SY.
964 603 1078 642 Heus
1098 607 1153 652 tu,

83 666 178 707 Non
198 668 243 708 fit
261 669 346 708 sine
364 669 514 723 periclo
533 669 689 709 facinus
707 683 902 722 magnum
923 674 963 708 et
982 670 1345 710 commemorabile.

83 735 197 775 Cur.
239 737 330 776 Hoc
350 737 440 776 vide
458 751 467 776 τ
497 737 540 776 in
559 750 651 776 mea
669 737 752 776 vita
772 743 816 776 tu
836 736 908 775 tibi
926 735 1089 776 laudem
1108 736 1141 776 is
1160 737 1385 790 quaesitum,
1407 738 1566 779 scelus?

81 802 162 842 Ubi
180 802 213 842 si
231 802 441 857 paululum
461 803 580 843 modo
600 803 697 857 quid
716 809 754 843 te
773 803 931 856 fugerit,
954 817 1029 856 ego
1047 803 1249 857 perierim.
1511 809 1560 846 75

80 870 188 915 Quid
206 869 276 911 illa
293 870 446 911 facias?
533 871 599 910 ΒΥ.
640 872 697 910 At
716 871 837 911 enim.
915 871 1030 910 Cm'r.
1071 871 1179 916 Quid
1199 872 1336 912 enim?
1418 874 1484 913 SY.
1522 874 1562 913 Si

243 938 350 988 sinis,
372 938 473 978 dico,
560 938 679 977 ΟΜΝ.
721 938 826 977 Sine.

79 1005 194 1044 Cm'r.
217 1004 324 1045 Sino.
384 1005 452 1044 SY.
475 1005 539 1044 Ita
557 1017 620 1044 res
639 1009 699 1044 est
717 1003 804 1044 haec
824 1017 945 1054 nunc,
968 1005 1082 1058 quasi
1102 1018 1250 1045 cum—
1298 1006 1413 1046 Cm‘r.
1436 1008 1557 1052 Quas,

240 1071 405 1120 malum,
428 1073 617 1125 ambages
637 1071 738 1111 mihi

77 1139 252 1180 Narrare
267 1138 440 1192 occipit?
489 1138 608 1178 ΟΜΝ.
632 1139 742 1192 Syre,
761 1152 900 1179 verum
916 1138 982 1178 hic
996 1138 1110 1178 dicit:
1133 1139 1246 1180 mitte
1264 1154 1272 1179 ε
1294 1141 1345 1180 ad
1359 1154 1444 1182 rem
1459 1143 1556 1183 redi.

77 1207 144 1247 Sv.
184 1207 402 1247 Enimvero
420 1207 585 1247 reticere
605 1220 763 1260 nequeo
780 1221 788 1246 :
819 1207 1069 1249 multimodis
1088 1207 1303 1259 injurius’s,

77 1273 263 1328 Clitipho,
297 1287 428 1328 neque
460 1274 556 1314 ferri
588 1274 692 1328 potis
721 1288 775 1314 es.
863 1275 982 1314 Cum.
1025 1274 1292 1314 Audiundum
1321 1275 1455 1316 hercle
1484 1283 1555 1325 est,

239 1347 340 1382 tace.
1504 1347 1557 1384 80

76 1409 144 1448 SY.
185 1408 258 1448 Vis
278 1422 436 1449 amare:
467 1409 527 1450 vis
544 1410 663 1463 potiri
681 1425 689 1450 :
720 1411 780 1450 vis
802 1411 908 1463 quod
928 1410 996 1450 des
1016 1409 1086 1459 illi,
1110 1410 1238 1450 effici:

74 1475 207 1515 Tuum
227 1490 312 1516 esse
331 1476 374 1516 in
392 1476 586 1531 potiundo
605 1477 802 1531 periclum
821 1491 903 1517 non
923 1477 982 1516 vis
999 1491 1008 1516 ε
1038 1477 1147 1517 haud
1167 1477 1285 1517 stulte
1306 1478 1410 1531 sapis
1428 1492 1436 1517 :

74 1543 279 1596 Siquidem
298 1544 341 1584 id
360 1544 560 1598 sapere’st‚
583 1544 685 1584 velle
705 1549 743 1583 te
764 1544 817 1593 id,
840 1544 948 1597 quod
966 1557 1048 1583 non
1068 1549 1210 1597 potest,
1233 1545 1478 1598 contingere.

71 1609 158 1649 Aut
175 1609 263 1650 haec
283 1624 376 1651 cum
396 1611 474 1651 illis
494 1617 587 1651 sunt
605 1611 802 1660 habenda,
825 1616 894 1650 aut
911 1610 981 1650 illa
1000 1624 1092 1650 cum
1112 1610 1174 1649 his
1193 1610 1390 1652 mittenda
1408 1619 1512 1653 sunt.

72 1680 231 1720 Harum
251 1680 421 1719 duarum
441 1679 715 1719 conditionum
735 1691 843 1718 nunc
863 1683 996 1717 utram
1015 1676 1144 1726 malis
1169 1677 1258 1717 vide
1276 1692 1285 1717 ε
1500 1683 1549 1720 85

72 1747 158 1787 Etsi
177 1746 387 1788 consilium
405 1745 494 1796 hoc,
517 1745 625 1800 quod
643 1745 743 1798 cepi,
765 1750 926 1785 rectum
940 1758 1024 1784 esse
1046 1750 1086 1784 et
1104 1749 1235 1784 tutum
1255 1745 1349 1785 scio.

70 1815 178 1855 Nam
198 1813 305 1867 apud
323 1818 479 1867 patrem
499 1818 568 1853 tua
586 1812 717 1852 amica
736 1818 869 1851 tecum
889 1811 974 1851 sine
994 1816 1107 1850 metu
1125 1816 1171 1850 ut
1190 1811 1251 1860 sit,
1274 1812 1440 1865 copia’st
1457 1828 1464 1853 :

69 1883 173 1923 Tum
194 1882 301 1935 quod
319 1881 377 1921 illi
396 1886 608 1933 argentum
629 1894 670 1919 es
689 1879 901 1933 pollicitus,
924 1879 1067 1918 eadem
1085 1878 1162 1919 hac
1182 1880 1387 1920 inveniam
1409 1882 1473 1922 via
1489 1896 1497 1921 ;

68 1949 187 1994 Quod
204 1954 250 1988 ut
269 1947 480 1995 efficerem,
503 1947 653 1986 orando
673 1945 811 1985 surdas
825 1945 913 1998 jam
933 1959 1048 1985 aures
1068 1945 1298 1987 reddideras
1317 1946 1428 1987 mihi.

67 2015 175 2061 Quid
200 2013 281 2054 alid
304 2013 376 2053 tibi
396 2013 485 2053 vis?
569 2012 683 2052 Cm'r.
725 2011 932 2066 Siquidem
951 2011 1028 2051 hoc
1047 2011 1128 2052 fiet.
1216 2013 1284 2053 Sy.
1326 2013 1543 2068 Siquidem,

234 2080 480 2135 experiundo
500 2079 610 2120 scies.
1493 2086 1546 2123 90

53 2151 184 2190 Cur.
206 2150 296 2203 Age
315 2162 402 2202 age,
424 2149 522 2189 cedo
540 2148 642 2188 istuc
661 2152 775 2188 tuum
796 2145 1029 2187 consilium:
1061 2146 1158 2201 quid
1176 2147 1219 2188 id
1239 2152 1308 2187 est.
1369 2149 1435 2189 Sy.
1467 2150 1546 2190 As-

232 2216 519 2264 simulabimus,

69 2284 198 2325 Tuam
217 2283 389 2323 amicam
407 2282 526 2336 hujus
547 2294 643 2321 esse.
721 2280 836 2320 Cmr.
877 2278 1048 2321 Pulchre
1067 2294 1076 2320 ε
1107 2280 1204 2320 cedo
1225 2280 1322 2334 quid
1340 2280 1405 2321 hic
1424 2281 1544 2323 faciet

229 2365 301 2391 sua
313 2351 329 2389 '2

64 2414 137 2460 An'
150 2432 198 2459 ea
217 2431 373 2471 quoque
394 2417 548 2457 dicetur
565 2414 696 2468 hujus,
718 2414 751 2454 si
769 2427 851 2453 una
869 2413 957 2454 haec
978 2413 1162 2454 dedecori
1182 2419 1241 2454 est
1259 2416 1434 2469 parum?

64 2487 130 2526 Sv.
181 2486 314 2525 Immo
360 2484 412 2524 ad
458 2489 569 2523 tuam
615 2488 787 2522 matrem
834 2480 1066 2521 deducetur.
1153 2481 1267 2522 Cur.
1318 2481 1426 2526 Quid
1463 2483 1540 2522 eo?

225 2552 293 2591 Sv.
334 2549 583 2602 Longum'st‚
607 2547 794 2601 Clitipho,
835 2544 838 2547 ’

65 2618 107 2659 Si
124 2617 196 2658 tibi
213 2630 385 2665 narrem,
407 2614 666 2669 quamobrem
686 2613 728 2653 id
746 2613 891 2652 faciam
909 2627 917 2651 :
939 2626 1033 2653 vera
1053 2625 1173 2654 causa
1193 2619 1263 2653 est.
1323 2613 1438 2654 Cur.
1462 2614 1537 2654 Fa-

349 2697 357 2721 :
1485 2684 1535 2720 95

70 2751 139 2792 Nil
175 2683 292 2792 satbii:⁴¹
295 2697 407 2789 1iirmi
438 2748 566 2797 video,
603 2747 863 2800 quamobrem
896 2746 1076 2799 accipere
1109 2745 1218 2787 hunc
1256 2746 1312 2786 mi
1350 2747 1537 2802 expediat

226 2822 392 2858 metum.
