1670 3080
119 135 216 183 194
729 146 974 178 Pflomvuo.

118 239 336 287 Immerito,
358 243 398 278 et
416 251 480 277 me
499 236 652 276 horunc
673 235 853 275 omnium
873 234 1205 276 immeritissimo:
1532 239 1588 277 60

117 306 226 345 Nam
247 305 343 358 quid
360 317 425 344 me
445 304 487 343 in
506 303 581 342 hac
600 316 642 341 re
662 302 791 342 facere
812 301 971 341 voluisti
990 301 1090 340 tibi?

117 375 282 414 Servom
302 373 509 412 hominem
530 384 691 410 causam
711 383 822 408 orare
841 368 950 421 leges
969 382 1050 408 non
1071 368 1233 408 sinunt:

117 440 260 492 Neque
282 438 482 478 testimoni
502 437 621 476 dictio
641 441 712 475 est.
798 435 878 474 Da.
919 435 1040 474 Mitto
1060 435 1206 475 omnia.

117 507 236 546 Addo
256 507 379 546 istuc:
410 505 642 558 imprudens
662 503 795 542 timuit
813 502 1045 541 adulescens
1061 516 1070 541 :
1101 502 1207 542 sino:

116 574 179 613 Tu
198 587 334 612 servus
350 587 358 612 ι
390 585 541 620 verum,
563 570 596 610 si
616 575 786 623 cognata
805 574 864 608 est
882 582 1083 618 maxume,
1534 575 1586 614 65
1658 583 1670 610 μ,

117 640 158 678 N
161 653 212 679 on
231 640 307 679 fuit
326 652 486 679 necesse
507 638 653 677 habere
671 651 680 676 :
711 636 792 684 sed,
813 636 855 675 id
871 636 981 688 *quod
998 635 1066 676 lex
1077 636 1205 689 jubet,

117 708 265 747 Dotem
286 707 457 755 daretis;
489 709 684 758 quaereret
703 703 826 742 alium
844 703 989 742 virum.
1263 694 1271 700 ’
1304 688 1323 727 ’ἕ

118 775 208 818 Qua
227 774 380 813 ratione
400 774 561 826 inopem
579 771 711 824 potius
730 770 900 810 ducebat
908 770 1109 824 domum?
1254 806 1259 809 γ
1303 808 1317 825 Α,

121 842 199 881 ΟΕ.
239 841 334 879 Non
354 840 465 888 ratio,
490 853 627 878 verum
647 843 858 890 argentum
877 837 1024 877 deerat.
1110 837 1190 876 DE.
1230 827 1413 880 Sumeret

118 907 330 948 Aiicunde.
418 908 496 947 GE.
537 905 736 945 Alicunde
752 905 768 944 2
795 904 895 943 nihil
915 910 975 943 est
993 904 1103 944 dictu
1121 905 1288 945 facilius.
1536 907 1588 950 70

118 975 198 1014 ΒΕ.
239 975 455 1021 Postremo,
477 973 510 1011 si
530 971 640 1011 nullo
660 971 738 1010 alio
756 976 885 1023 pacto,
906 971 1071 1010 foenore.

121 1043 198 1081 GE.
242 1041 351 1080 Hui!
383 1040 484 1079 dixti
502 1039 666 1092 pulchre
684 1052 692 1077 :
724 1038 756 1077 si
777 1038 939 1090 quidem
959 1039 1168 1091 quisquam
1189 1039 1378 1088 crederet,

119 1108 176 1147 Te
197 1108 299 1146 vivo.
386 1107 464 1146 DE.
506 1103 611 1153 Non,
632 1118 714 1143 non
735 1104 789 1144 sic
808 1104 1060 1143 futurum'st:
1091 1118 1172 1144 non
1191 1111 1330 1158 potest.

121 1174 249 1227 Egon’
270 1173 380 1213 illam
400 1186 492 1212 cum
511 1171 579 1211 illo
598 1177 643 1210 ut
661 1171 790 1224 patiar
810 1176 976 1223 nuptam
996 1184 1123 1210 unum
1143 1172 1279 1212 diem?

120 1240 329 1291 Nssgugve
348 1238 611 1288 meritumjst:
639 1237 845 1276 hominem
866 1237 1213 1277 commonstrarier
1539 1242 1587 1282 75

121 1307 183 1346 Mi
202 1307 322 1346 istum
341 1305 430 1345 volo
446 1320 456 1344 ι
487 1311 556 1344 aut
572 1304 642 1343 ubi
660 1303 824 1351 habitet,
846 1303 1164 1343 demonstrarier.

122 1375 200 1414 Ge.
242 1374 398 1425 Nempe
421 1371 717 1411 Phormionem.
804 1370 883 1408 DE.
923 1369 1061 1409 Istunc
1080 1375 1293 1423 patronum
1312 1371 1502 1412 mulieris.
1544 1387 1546 1389 ’

123 1441 201 1480 GE.
224 1440 249 1479 J
253 1454 317 1479 am
336 1439 429 1478 faxo
448 1438 513 1477 hic
533 1437 670 1476 aderit.
725 1437 804 1476 Dm.
826 1435 1008 1488 Antipho
1025 1436 1094 1475 ubi
1112 1449 1221 1476 nunc
1240 1439 1323 1477 est?
1365 1439 1443 1478 Gr..
1465 1439 1588 1480 Foris.
1655 1483 1663 1492 ,

123 1507 201 1546 DE.
242 1506 334 1554 Abi,
359 1505 554 1553 Phaedria,
578 1519 670 1543 eum
690 1505 859 1557 require,
881 1509 1000 1556 atque
1019 1503 1172 1544 adduce
1191 1503 1282 1544 huc.
1368 1505 1444 1546 Pu.
1485 1506 1571 1546 Eo:

122 1575 249 1614 Recta
269 1575 333 1613 via
354 1573 513 1625 quidem
534 1571 639 1611 illuc.
727 1572 805 1610 Gn.
846 1570 1005 1623 Nempe
1024 1571 1075 1610 ad
1095 1570 1361 1624 Pamphilam.
1537 1563 1591 1613 80

122 1642 201 1681 DE.
242 1642 328 1693 Ego
350 1641 456 1679 Deos
475 1645 641 1692 penates
660 1638 754 1677 hinc
774 1637 988 1677 salutatmn
1008 1638 1173 1686 domum

123 1709 319 1748 Devortar
336 1722 343 1746 :
375 1707 468 1746 inde
488 1707 553 1746 ibo
574 1706 624 1746 ad
643 1706 785 1754 forum,
807 1711 926 1758 atque
946 1705 1098 1758 aliquot
1115 1705 1217 1746 mihi

121 1774 285 1814 Amicos
306 1773 519 1822 advocabo,
541 1773 592 1812 ad
610 1772 714 1812 hanc
733 1786 819 1811 rem
840 1771 908 1825 qui
928 1772 1108 1821 adsient;

121 1843 177 1882 Ut
195 1856 246 1882 ne
266 1842 484 1895 imparatus
504 1841 590 1890 sim,
613 1841 646 1879 si
665 1840 853 1880 adveniat
872 1839 1072 1880 Phormio.

564 2040 741 2080 ACTUS
772 2040 830 2079 ΙΙ.
890 2040 1072 2080 SCENA
1103 2041 1160 2080 ΙΙ.

656 2141 865 2180 Pnommo.
925 2142 1058 2182 GE'rA.

124 2250 199 2289 Pa.
241 2249 355 2288 Itane
375 2245 498 2299 patris
517 2244 575 2284 ais
594 2232 851 2297 conspectum
870 2243 1041 2283 veritum
1060 2243 1155 2284 hinc
1174 2244 1347 2285 abiisse?
1403 2224 1482 2287 Gli.
1503 2246 1590 2288 Λᾶ·-
1641 2268 1646 2292 -;

285 2314 462 2362 modum.
1640 2305 1652 2362 J

124 2385 199 2423 Pu.
240 2382 439 2422 Phanium
475 2379 656 2420 relictam
694 2377 849 2418 solam?
933 2379 1010 2418 Gn.
1061 2378 1137 2419 Sic.
1227 2379 1305 2420 ΡΗ.
1353 2381 1407 2421 Et
1442 2381 1588 2422 iratum
1639 2380 1643 2382 ”

286 2463 424 2489 senem
437 2449 454 2488 ’.Ρ
1633 2447 1651 2499 ι’

126 2519 202 2558 ΘΕ.
243 2516 414 2570 Oppido.
490 2515 565 2554 Pu.
605 2512 673 2552 Ad
691 2517 730 2552 te
750 2525 907 2552 summa
925 2511 1064 2561 solum,
1087 2512 1287 2563 Phormio,
1308 2527 1441 2554 rerum
1459 2506 1587 2557 redit:

48 2580 50 2583 ’
123 2585 224 2625 Tute
243 2585 318 2624 hoc
337 2582 504 2622 intristi:
534 2581 605 2621 tibi
624 2593 742 2620 omne
763 2584 822 2619 est
841 2579 1117 2624 exedendum:
1147 2580 1367 2633 accingere.

125 2652 202 2692 Gn.
243 2650 418 2690 Obsecro
456 2653 551 2687 te—
606 2647 682 2687 Pu.
731 2645 773 2685 Si
787 2646 1000 2706 ‘rogabit—
1056 2647 1134 2686 Ga.
1182 2647 1232 2687 In
1271 2652 1310 2689 te
1347 2661 1437 2702 „Peg
1473 2628 1597 2688 est—'⁴

287 2715 363 2754 Pu.
403 2715 562 2762 Eccere,
1559 2717 1586 2755 5
1654 2735 1670 2749 ,

125 2781 232 2827 Quid
269 2781 301 2820 si
337 2780 476 2819 reddet
488 2780 559 2818 2-
629 2778 707 2818 Gn.
755 2777 819 2817 Tu
854 2777 1104 2832 impulisti-
1158 2778 1234 2819 Pu.
1282 2779 1347 2820 Sic
1393 2777 1590 2834 opinor-‚5
1642 2770 1670 2804 ⁹

289 2847 367 2886 Gn.
408 2843 595 2884 Subveni.
