1670 3080
274 508 700 561 HEAUTON
750 509 1411 560 TIMORUMENOS.

527 750 734 790 ACTUS
773 750 806 790 Ι.
873 749 1083 789 SCENA
1120 749 1153 788 Ι.

561 855 775 894 CHREMES.
834 853 1117 892 Mannnnmus.

104 957 179 995 Cn.
220 955 459 1008 Quanquam
477 953 565 993 haec
584 952 688 991 inter
707 965 779 991 nos
798 965 926 1005 nuper
943 953 1084 993 notitia
1103 954 1384 1005 admodum’st,

105 1022 204 1062 Inde
224 1022 323 1061 adeo
343 1021 449 1074 quod
467 1033 609 1073 agrum
628 1019 671 1058 in
690 1026 885 1072 proxumo
903 1019 968 1059 hic
987 1026 1187 1061 mercatus
1206 1035 1249 1061 es
1266 1036 1275 1061 ε

103 1087 190 1127 Nec
209 1087 267 1127 rei
285 1088 368 1127 fere
388 1100 483 1126 sane
502 1085 672 1139 amplius
692 1085 904 1138 quicquam
923 1086 1000 1126 fuit
1017 1101 1025 1125 τ

102 1153 255 1193 Tamen
274 1153 339 1193 vel
357 1153 482 1193 virtus
501 1158 570 1191 tua
587 1165 664 1200 me,
686 1151 750 1191 vel
769 1152 963 1201 vicinitas,

101 1220 221 1265 Quod
240 1234 313 1274 ego
332 1220 374 1259 in
393 1219 616 1273 propinqua
634 1224 746 1271 parte
765 1219 951 1259 amicitiae
970 1226 1078 1273 puto,

104 1287 226 1335 Facit,
247 1293 293 1326 ut
312 1293 350 1326 te
371 1287 558 1326 audacter
575 1299 762 1324 moneam
783 1291 823 1324 et
840 1286 1112 1336 familiariter;

103 1353 221 1397 Quod
238 1353 338 1392 mihi
356 1352 490 1393 videre
509 1357 654 1404 praeter
672 1357 831 1390 aetatem
852 1357 962 1391 tuam

103 1420 263 1469 Facere,
285 1426 326 1459 et
342 1426 489 1472 praeter
508 1432 628 1472 quam
646 1432 710 1457 res
730 1424 767 1457 te
788 1417 1020 1458 adhortatur
1038 1425 1119 1459 tua.

102 1485 211 1526 Nam
229 1500 301 1540 pro
320 1486 454 1526 Deum
473 1491 591 1538 atque
610 1484 820 1524 hominum
838 1484 971 1534 fidem,
994 1485 1090 1538 quid
1108 1486 1167 1525 vis
1187 1487 1288 1527 tibi?

102 1552 210 1597 Quid
229 1552 402 1605 quaeris?
429 1565 555 1591 annos
575 1551 781 1603 sexaginta
798 1557 915 1590 natus
935 1565 988 1600 es,

102 1620 189 1659 Aut
204 1619 305 1672 plus,
325 1625 372 1658 ut
389 1619 556 1672 conjicio
573 1632 581 1656 :
613 1632 753 1671 agrum
771 1618 814 1657 in
834 1618 896 1657 his
915 1618 1141 1671 regionibus

102 1685 313 1725 Meliorem
332 1699 461 1739 neque
481 1685 582 1738 preti
600 1685 760 1738 majoris
779 1698 898 1724 nemo
916 1685 1061 1734 habet3

102 1753 245 1791 Servos
264 1766 345 1791 non
364 1751 496 1805 plures
513 1765 522 1789 :
550 1751 715 1803 proinde
737 1751 850 1803 quasi
869 1765 988 1790 nemo
1009 1751 1092 1799 siet,

106 1819 174 1857 Ita
193 1824 275 1858 tute
295 1823 443 1857 attente
463 1816 620 1858 illorum
640 1815 769 1855 officia
788 1817 966 1869 fungere.

102 1886 320 1940 Nunquam
339 1892 422 1925 tam
441 1899 559 1925 mane
580 1885 770 1938 egredior,
791 1898 922 1938 neque
943 1891 1026 1924 tam
1045 1887 1199 1939 vesperi

102 1953 278 1992 Domum
297 1957 482 2000 revortor,
506 1951 602 2003 quin
622 1957 659 1989 te
680 1950 722 1989 in
741 1950 866 1989 fundo
887 1951 1095 2004 conspicer

101 2018 134 2058 F
136 2018 264 2067 odere,
286 2023 355 2057 aut
372 2031 494 2066 arare,
517 2022 586 2056 aut
605 2016 755 2070 aliquid
772 2017 902 2056 facere
922 2016 1106 2070 denique.

101 2084 268 2124 Nullum
286 2084 454 2123 remittis
473 2089 654 2136 tempus3
684 2097 815 2136 neque
834 2089 872 2122 te
892 2084 1066 2137 respicis.

101 2152 203 2192 Haec
222 2165 304 2191 non
323 2150 516 2204 voluptati
535 2150 607 2190 tibi
626 2164 722 2198 esse,
744 2150 837 2189 satis
857 2156 963 2189 certo
985 2151 1077 2190 scio.

101 2222 126 2240 “
139 2219 196 2258 At
213 2218 321 2257 enim
340 2231 417 2265 me,
440 2222 633 2270 quantum
652 2215 718 2256 hic
738 2216 867 2269 operis
885 2216 967 2265 fiat,
987 2217 1196 2270 poenitet.”

100 2285 219 2330 Quod
236 2285 278 2324 in
297 2298 414 2338 opere
434 2283 621 2323 faciundo
640 2297 771 2336 operae
792 2284 991 2323 consumis
1011 2290 1101 2333 tuae,

101 2352 142 2392 Si
161 2366 292 2391 sumas
311 2352 353 2390 in
373 2351 449 2390 illis
468 2350 712 2399 exercendis,
734 2349 823 2403 plus
842 2364 948 2403 agas.

99 2421 186 2460 Mn.
226 2420 405 2468 Chreme,
427 2424 634 2459 tantumne
654 2418 704 2457 ab
722 2432 765 2457 re
785 2417 904 2458 tua’st
923 2418 978 2458 oti
997 2418 1079 2466 tibi,

98 2488 244 2528 Aliena
262 2493 308 2526 ut
326 2500 450 2535 cures,
471 2500 519 2525 ea
537 2499 626 2539 quae
646 2485 747 2525 nihil
764 2485 816 2525 ad
835 2491 872 2525 te
893 2486 1092 2525 attinent?

99 2555 173 2595 Cn.
213 2555 348 2594 Homo
369 2568 456 2593 sum
474 2568 482 2592 :
511 2553 679 2592 humani
696 2552 799 2594 nihil
817 2566 842 2592 a
858 2566 924 2592 me
943 2552 1119 2594 alienum
1137 2560 1246 2606 puto.

99 2621 176 2661 Vel
193 2636 258 2661 me
277 2634 438 2660 monere
457 2620 544 2669 hoc,
565 2619 631 2659 vel
648 2619 872 2672 percontari
890 2626 987 2672 puta
1002 2635 1011 2669 ;

98 2688 346 2730 Rectum’st?
374 2701 448 2740 ego
467 2692 512 2726 ut
529 2686 675 2727 faciam
692 2701 701 2726 :
731 2700 813 2726 non
833 2687 919 2726 est?
949 2692 986 2726 te
1009 2692 1055 2726 ut
1073 2687 1306 2727 deterream.

54 2762 56 2765 '
99 2754 184 2794 ΜΕ.
225 2754 330 2794 Mihi
349 2754 403 2795 sic
424 2759 483 2792 est
500 2767 594 2794 usus
611 2767 620 2792 ε
651 2753 722 2793 tibi
740 2758 786 2792 ut
805 2766 902 2806 opus
922 2753 1087 2802 facto’st,
1108 2753 1207 2793 face.

31 2819 47 2858 ἶ
99 2822 172 2863 Cn.
212 2823 280 2863 An
299 2821 484 2875 cuiquam
503 2826 562 2863 est
579 2834 673 2865 usus
690 2819 855 2869 homini,
877 2834 918 2860 se
936 2826 982 2860 ut
1000 2820 1177 2861 cruciet?
1260 2821 1347 2860 ΜΕ.
1387 2821 1504 2862 Mihi.

796 2899 864 2936 1³3

1518 1558 1570 1595 10

1519 1891 1568 1931 15

1515 2223 1568 2262 20

1512 2558 1563 2597 25
