1670 3080
550 125 709 158 Aeros
745 125 824 157 111.
896 126 1060 158 SCENA
1095 128 1130 158 1.
1508 113 1572 161 93

112 211 187 251 Cn.
226 211 320 251 Non
339 210 433 260 volt,
454 216 493 250 te
514 211 624 260 scire,
646 225 687 250 se
706 210 854 250 redisse
874 211 1020 250 etiam:
1050 217 1090 251 et
1107 216 1221 251 tuum

110 277 374 331 Conspectum
392 277 563 330 fugitat:
592 282 754 330 propter
770 283 980 331 peccatum
997 277 1073 317 hoc
1094 278 1218 326 timet,
1519 282 1569 320 25

109 344 172 384 Ne
192 350 262 384 tua
279 344 424 384 duritia
443 344 607 396 antiqua
624 343 693 383 illa
711 344 831 383 etiam
851 344 1019 383 adaucta
1038 344 1099 383 sit.

109 409 196 449 ΜΕ.
224 410 318 450 Non
337 415 382 449 tu
400 410 437 449 ei
456 410 602 459 dixisti,
622 415 668 449 ut
687 410 844 449 essem?
901 409 976 449 Cn.
1005 410 1113 450 Non.
1172 410 1258 450 Mn.
1288 411 1568 460 Quamobrem,

269 475 437 516 Chreme
450 477 466 515 ἱ)

107 542 182 581 Cn.
218 541 322 587 Quia
338 555 522 595 pessume
540 541 640 580 istuc
660 541 702 580 in
722 546 761 580 te
780 547 898 594 atque
918 541 960 580 in
980 541 1093 581 illum
1113 541 1297 589 consulis,

105 608 147 648 Si
166 613 205 647 te
225 613 308 648 tam
325 608 408 648 leni
427 614 467 648 et
484 608 588 648 victo
607 621 691 647 esse
711 607 845 647 animo
865 607 1095 648 ostenderis.

105 674 192 714 Mn.
214 675 309 714 Non
326 688 511 728 possum:
542 674 636 714 satis
648 674 746 727 jam,
769 673 862 712 satis
882 678 996 726 pater
1014 673 1134 713 durus
1152 674 1223 714 fui.
1282 674 1358 714 Cn.
1381 675 1472 714 Ah!
1516 677 1568 714 30

105 743 333 783 Vehemens
353 748 560 796 utramque
578 741 620 781 in
639 747 805 794 partem,
829 740 1082 790 Menedeme,
1105 755 1147 781 es
1166 742 1297 790 nimis,

103 810 189 849 Aut
205 809 387 862 largitate
406 809 531 848 nimia
550 813 622 847 aut
638 807 890 861 parsimonia.

104 877 154 916 In
174 876 342 916 eandem
360 876 541 916 fraudem
561 889 611 915 ex
628 875 703 914 hac
723 889 765 914 re
785 881 904 927 atque
924 889 976 914 ex
993 875 1062 915 illa
1079 876 1242 917 incides.

104 943 283 983 Primum
302 943 396 982 olim
415 943 555 996 potius,
578 956 698 995 quam
716 948 894 995 paterere
914 942 1041 982 filium

104 1011 353 1051 Commetare
373 1009 425 1050 ad
442 1009 729 1058 mulierculam,
751 1022 841 1061 quae
859 1009 1022 1062 paululo
1516 1013 1566 1051 35

102 1078 206 1118 Tum
226 1083 310 1118 erat
328 1082 524 1125 contenta,
546 1076 687 1128 cuique
707 1082 821 1114 erant
838 1081 951 1128 grata
970 1077 1117 1126 omnia,

104 1145 354 1185 Proterruisti
371 1144 465 1184 hinc
482 1158 491 1183 :
522 1157 569 1182 ea
588 1148 725 1183 coacta
743 1143 923 1195 ingratiis

104 1212 267 1252 Postilla
285 1213 407 1265 coepit
423 1212 574 1251 victum
593 1209 710 1262 volgo
731 1223 921 1262 quaerere.

104 1279 224 1318 Nunc
245 1292 337 1318 cum
357 1278 441 1318 sine
460 1290 608 1330 magno
627 1276 918 1315 intertrimento
938 1290 1020 1316 non
1039 1283 1170 1330 potest

105 1344 269 1392 Haberi‚
291 1343 445 1397 quidvis
464 1343 556 1382 dare
577 1342 686 1394 cupis
703 1356 712 1380 ε
742 1355 848 1390 nam,
869 1348 914 1381 ut
933 1348 977 1381 tu
996 1343 1106 1391 scias,
1515 1346 1567 1382 40

105 1412 237 1455 Quam
256 1424 304 1450 ea
321 1423 429 1450 nunc
447 1410 638 1448 instructa
656 1407 819 1460 pulchre
839 1408 890 1447 ad
908 1409 1124 1461 perniciem
1144 1410 1218 1449 siet
1233 1426 1242 1457 ;

106 1478 286 1517 Primmn
299 1477 386 1530 jam
405 1475 568 1526 ancillas
587 1488 722 1514 secum
742 1475 908 1514 adduxit
926 1475 1015 1528 plus
1035 1476 1187 1524 decem,

106 1546 301 1584 Oneratas
319 1548 428 1582 veste
448 1548 566 1594 atque
586 1555 682 1580 auro
700 1556 708 1580 :
739 1546 894 1594 satrapa
914 1541 947 1579 si
966 1542 1040 1581 siet

104 1612 284 1658 Amator,
306 1621 511 1662 nunquam
531 1607 691 1647 sufferre
712 1606 796 1659 ejus
815 1612 967 1646 sumtus
987 1613 1107 1660 queat
1123 1622 1132 1647 :

105 1678 267 1718 Nedum
285 1683 330 1716 tu
346 1675 483 1730 possis.
569 1674 655 1714 Mn.
695 1674 817 1713 Estne
839 1688 886 1713 ea
904 1675 1040 1713 intus?
1123 1675 1198 1716 Cn.
1239 1677 1297 1715 Sit
1316 1677 1460 1728 rogas?
1516 1678 1567 1714 45

106 1743 244 1790 Sensi:
273 1756 369 1782 nam
387 1754 511 1781 unam
532 1740 568 1779 ei
588 1753 744 1779 coenam
764 1745 882 1792 atque
902 1740 986 1793 ejus
1006 1741 1214 1781 comitibus
1536 1752 1541 1756 “

106 1808 234 1848 Dedi:
265 1807 372 1861 quod
391 1806 424 1846 si
442 1806 585 1845 iterum
604 1801 704 1844 mihi
724 1805 774 1844 sit
792 1800 934 1854 danda,
957 1812 1091 1845 actum
1110 1807 1195 1846 siet.

106 1875 226 1923 Nam,
246 1879 293 1913 ut
310 1873 388 1912 alia
406 1872 598 1919 omittam,
619 1871 828 1924 pytisando
848 1872 966 1911 modo
985 1872 1085 1912 mihi

107 1942 215 1988 Quid
232 1941 317 1980 vini
335 1939 537 1980 absumsit.
595 1939 658 1978 Sic
676 1938 764 1986 hoc,
787 1938 924 1977 dicens
939 1953 950 1987 ;
981 1939 1194 1994 Asperum,

107 2010 236 2058 Pater,
259 2008 334 2048 hoc
354 2013 437 2056 est3
468 2005 576 2045 aliud
594 2004 721 2044 lenius
741 2004 854 2044 sodes
874 2004 964 2044 vide
983 2019 991 2043 :
1518 2011 1571 2046 50

107 2074 249 2114 Relevi
267 2072 372 2113 dolia
390 2071 535 2119 omnia,
556 2084 694 2113 omnes
714 2070 833 2110 serias
850 2084 858 2109 :

108 2143 260 2182 Omnes
279 2140 448 2180 solicitos
465 2138 588 2178 habui
605 2153 613 2177 :
644 2143 762 2190 atque
782 2137 869 2177 haec
889 2151 970 2177 una
988 2152 1081 2178 nox.

108 2206 216 2252 Quid
233 2211 272 2246 te
290 2206 468 2245 futurum
487 2217 636 2253 censes,
658 2217 778 2257 quem
797 2204 952 2244 assidue
974 2205 1175 2245 exedent?

109 2274 173 2314 Sic
191 2287 256 2313 me
277 2273 332 2312 Di
350 2272 552 2319 amabunt,
572 2276 618 2311 ut
635 2285 700 2310 me
719 2276 878 2310 tuarum
896 2271 1180 2320 miseritum'st,

110 2340 362 2387 Menedeme,
382 2339 644 2378 fortunarum.
730 2337 817 2377 Mn.
857 2338 1004 2386 Faciat,
1027 2338 1134 2391 quod
1151 2338 1287 2379 lubet:
1516 2339 1567 2378 55

110 2407 260 2454 Sumat,
282 2409 499 2452 consumat,
519 2403 671 2456 perdat,
693 2402 947 2442 decretum’st
964 2404 1058 2456 pati,

111 2473 220 2513 Dum
239 2471 352 2511 illum
370 2470 489 2510 modo
507 2469 678 2509 habeam
695 2482 866 2508 mecum.
952 2470 1027 2509 Cn.
1068 2470 1110 2510 Si
1129 2470 1332 2511 certum'st
1350 2470 1423 2512 tihi

112 2540 176 2580 Sic
193 2539 336 2586 facere,
356 2536 455 2577 illud
468 2535 676 2589 permagni
694 2535 840 2574 referre
860 2535 1037 2585 arbitror,

112 2605 169 2645 Ut
185 2619 236 2645 ne
256 2604 447 2644 scientem
467 2602 609 2642 sentiat
626 2607 664 2640 te
684 2601 727 2641 id
745 2601 818 2640 sibi
837 2601 942 2641 dare.

114 2670 200 2710 Mn.
222 2669 330 2714 Quid
347 2668 520 2708 faciam?
578 2667 652 2706 Cu.
676 2666 843 2712 Quidvis
862 2667 1003 2719 potius,
1027 2681 1147 2721 quam
1167 2669 1274 2722 quod
1291 2669 1439 2722 cogitas
1457 2684 1464 2708 :
1523 2672 1574 2708 60

41 2734 44 2739 ’
114 2737 191 2777 Per
209 2736 331 2776 alium
351 2735 530 2788 quemvis
547 2739 593 2773 ut
611 2734 679 2773 des
696 2748 704 2773 ε
735 2733 819 2772 falli
839 2739 877 2773 te
897 2734 1003 2774 sinas

116 2801 287 2843 Technis
305 2815 375 2856 per
393 2799 591 2840 servolum
608 2813 617 2838 ι
648 2799 721 2839 etsi
740 2799 919 2839 subsensi
938 2799 980 2839 id
999 2813 1167 2853 quoque,
