1670 3080
131 134 198 180 24
776 148 991 179 ANDRIA.

128 236 192 275 lbi
212 240 297 274 tum
319 248 455 274 eoriun
475 234 820 287 impudentissima
838 235 962 275 oratio
982 241 1051 283 est,
1547 234 1600 274 10

128 304 228 349 Quis
248 308 292 342 tu
312 303 383 342 es?
411 302 498 355 quis
517 301 618 341 mihi
639 303 710 342 es?

129 370 209 409 Cur
227 383 359 409 meam
380 369 481 409 tibi?
510 368 618 417 heus,

130 437 352 476 Proxumus
371 450 459 475 sum
478 441 637 488 egomet
654 435 765 474 mihi.

128 505 334 552 Attamen,
355 503 422 542 ubi
443 503 567 542 fides?
596 502 627 542 si
647 516 773 554 roges,
796 515 877 540 non
897 501 1052 554 pudent
1068 500 1146 551 hie,

128 571 209 610 Ubi
229 584 327 623 opus
349 570 419 609 ’stt
450 569 542 618 illic,
563 569 631 608 ubi
650 568 708 607 nil
727 582 825 621 opus
848 568 904 616 ’st,
927 567 982 607 ibi
1002 573 1202 607 verentur.
1547 570 1596 608 15

131 637 209 676 Sed
228 637 324 689 quid
342 636 490 689 agam?
518 636 713 674 adeamne
734 634 785 672 ad
805 647 910 682 eum,
943 639 983 672 et
1011 648 1103 673 cum
1126 648 1173 673 eo
1198 634 1387 688 injuriam
1405 633 1511 674 hanc
1529 647 1601 674 ex-

291 702 488 756 postulem
500 703 516 741 ?

131 770 319 822 Ingeram
339 769 446 809 mala
465 768 621 808 multa?
649 773 767 820 atque
788 766 930 819 aliquis
951 767 1066 816 dicat,
1090 766 1160 806 Nil
1179 766 1446 820 promoveris:

130 836 320 876 Multum.
380 835 575 874 Molestus
596 840 699 874 certe
721 834 757 874 ei
776 834 901 883 fuero,
923 840 1041 887 atque
1063 834 1197 873 animo
1216 847 1370 874 morem
1389 847 1560 887 gessero.

131 904 203 943 ΡΑ.
235 904 418 951 Charine,
440 909 480 942 et
498 916 562 941 me
585 908 625 941 et
643 907 682 941 te
702 901 945 954 imprudens,
970 901 1046 941 nisi
1069 901 1164 954 quid
1184 901 1239 940 Di
1260 901 1488 954 respiciunt,
1508 914 1601 955 per-

296 970 388 1009 didi.

131 1035 208 1078 Cu.
231 1037 346 1076 Itane
362 1036 620 1090 imprudens?
639 1035 802 1075 tandem
822 1035 985 1075 inventa
1003 1036 1050 1075 ’st
1064 1049 1205 1075 causa:
1227 1034 1376 1075 solvisti
1390 1035 1525 1075 fidem.
1546 1037 1600 1074 20

132 1105 204 1143 ΡΑ.
236 1105 342 1149 Quid
362 1104 554 1143 tandem?
611 1103 685 1143 Cn.
719 1103 851 1143 Etiam
870 1117 977 1143 nunc
1005 1117 1071 1143 me
1098 1103 1242 1144 ducere
1267 1104 1351 1143 istis
1377 1103 1492 1144 dictis
1512 1117 1602 1158 pos-

294 1171 395 1210 tulas
409 1171 425 1209 ?

132 1239 204 1278 PA.
236 1238 342 1283 Quid
362 1239 461 1278 istuc
481 1238 568 1277 est?
625 1238 700 1277 Cn.
725 1238 939 1291 Postquam
960 1252 1024 1278 me
1045 1252 1179 1278 amare
1195 1238 1290 1288 dixi,
1305 1238 1542 1292 complacita
1559 1239 1606 1279 ’st

294 1306 376 1344 tibi.

133 1374 225 1414 Heu
246 1388 311 1413 me
331 1373 544 1414 miserum!
575 1372 643 1425 qui
666 1378 782 1411 tuum
802 1373 983 1412 animum
1004 1387 1055 1412 ex
1074 1373 1210 1413 animo
1229 1374 1406 1428 spectavi
1423 1388 1528 1415 meo.

133 1442 205 1481 ΡΑ.
238 1442 375 1481 Falsus
395 1455 447 1481 es.
499 1441 573 1480 Cn.
597 1440 689 1480 Non
711 1440 805 1479 satis
824 1440 895 1479 tibi
917 1454 1000 1480 esse
1019 1440 1095 1480 hoc
1115 1440 1285 1481 solidum
1300 1441 1430 1481 visum
1448 1441 1496 1482 ’st
1507 1455 1607 1494 gau-

295 1508 427 1557 dium;

132 1575 221 1614 Nisi
240 1590 304 1614 me
323 1576 509 1615 lactasses
530 1582 745 1624 amantem,
769 1581 808 1614 et
826 1575 926 1614 falsa
947 1589 1015 1628 spe
1035 1574 1282 1628 produceres.
1551 1579 1602 1616 25

134 1643 308 1682 Habeas.
367 1644 439 1682 ΡΑ.
464 1643 679 1682 Habeam?
699 1643 773 1682 ah!
795 1642 923 1682 nescis
944 1643 1102 1695 quantis
1120 1643 1162 1681 in
1182 1643 1298 1683 malis
1313 1657 1446 1684 verser
1460 1644 1603 1694 miser-3
1667 1637 1670 1643 ¹

61 1735 63 1737 »
134 1709 393 1761 Quantasque
412 1709 478 1749 hic
498 1708 577 1748 suis
598 1708 769 1748 consiliis
789 1708 889 1746 mihi
909 1708 1081 1748 confecit
1099 1708 1367 1749 solicitudines

135 1775 254 1814 Meus
281 1775 485 1814 carnusex.
546 1776 617 1814 CA.
649 1775 757 1820 Quid
778 1775 878 1815 istuc
899 1781 981 1815 tam
1003 1776 1162 1826 mirum,
1186 1777 1235 1817 de
1258 1783 1297 1816 te
1320 1778 1353 1817 si
1375 1778 1605 1832 exemplum

297 1842 403 1895 capit
416 1843 432 1881 ?

136 1910 212 1950 Pa.
241 1909 366 1948 Haud
383 1908 623 1957 istuc-dicas,
646 1910 678 1949 si
698 1911 880 1962 cognoris
900 1911 964 1950 vel
981 1925 1047 1951 nie
1067 1912 1132 1951 vel
1150 1926 1328 1952 amorem
1348 1927 1497 1954 meum,

136 1977 211 2015 Cn.
243 1976 332 2015 Scio
349 1990 358 2014 ε
403 1990 494 2015 cum
527 1981 638 2028 patre
673 1976 871 2016 altercasti
905 1978 1056 2017 dudum
1075 1993 1083 2018 :
1129 1985 1170 2019 et
1195 1979 1229 2019 is
1257 1994 1366 2021 nunc
1393 1987 1606 2035 propterea

298 2044 369 2083 tibi
1555 2053 1607 2090 30

139 2112 376 2151 Succenset:
407 2124 483 2150 nec
502 2116 540 2150 te
562 2111 687 2163 quivit
705 2111 823 2150 hodie
844 2125 997 2164 cogere,
1018 2112 1128 2152 illam
1148 2119 1194 2153 ut
1212 2114 1386 2155 duceres.

137 2178 209 2218 ΡΛ.
241 2178 374 2218 Immo
394 2178 525 2227 etiam,
549 2191 626 2230 quo
646 2183 689 2217 tu
708 2178 841 2218 minus
861 2178 935 2218 scis
954 2193 1154 2220 aerumnas
1173 2195 1294 2230 meaS,

138 2246 218 2285 Hae
237 2246 387 2299 nuptiae
407 2259 488 2284 non
508 2245 803 2298 apparabantur
821 2245 942 2284 mihi:

138 2314 226 2354 Nec
243 2313 470 2367 postulabat
489 2327 595 2352 nunc
616 2313 825 2365 quisquam
844 2327 1010 2352 uxorem
1033 2314 1139 2354 dare.

139 2381 214 2420 Cn.
247 2381 361 2420 Scio:
391 2386 436 2419 tu
455 2386 612 2419 coactus
633 2386 701 2419 tua
720 2380 924 2420 voluntate
946 2395 998 2420 es.
1058 2382 1130 2422 ΡΑ.
1163 2383 1312 2424 Mane:
1553 2389 1604 2428 35

138 2448 330 2488 Nondum
351 2447 471 2486 etiam
490 2447 576 2486 scis.
636 2447 710 2485 CH.
743 2447 831 2486 Scio
852 2448 1036 2500 equidem
1057 2450 1270 2491 ducturum
1290 2466 1374 2492 esse
1389 2459 1441 2493 te.

139 2516 212 2555 ΡΑ.
244 2516 324 2555 Cur
342 2529 407 2554 me
428 2515 590 2554 enicas?
617 2514 693 2554 hoc
713 2515 806 2554 audi
823 2529 831 2554 z
863 2529 1071 2568 nunquam
1091 2517 1240 2557 destitit

140 2583 308 2632 Instare,
328 2589 374 2622 ut
392 2583 565 2622 dicerem
583 2597 652 2622 me
669 2583 881 2622 ducturum
901 2585 1025 2637 patri3

142 2650 326 2698 Suadere,
349 2663 471 2697 orare,
493 2662 618 2701 usque
639 2650 739 2689 adeo
759 2649 885 2689 donec
903 2651 1088 2705 perpulit.

143 2717 217 2756 Cn.
250 2716 348 2761 Quis
366 2716 486 2755 homo
505 2716 636 2755 istuc?
687 2717 759 2755 PA.
792 2717 939 2757 Davos.
989 2718 1064 2758 Cn.
1096 2719 1262 2760 Davos?
1309 2721 1381 2762 ΡΛ.
1414 2722 1608 2765 luten-nu·-

302 2785 382 2825 bat.
442 2785 516 2823 Cn.
547 2785 848 2829 Quamobrem?
904 2786 976 2825 ΡΑ.
1008 2786 1165 2835 Nescio,
1276 2808 1281 2812 κ
1522 2838 1526 2841 ⁶
1553 2791 1608 2831 40

143 2852 231 2893 Nisi
250 2853 350 2893 mihi
369 2853 477 2892 Deos
497 2852 591 2893 satis
609 2852 730 2892 fuisse
751 2852 880 2902 iratos,
903 2853 971 2906 qui
990 2853 1307 2895 auscultaverim.
