1670 3080
541 90 700 126 Ac'rus
736 92 793 123 11.
864 91 1028 129 SCENA
1065 91 1142 122 111.
1504 77 1564 122 15

101 180 176 222 Cn.
207 179 316 227 Quid
335 181 421 221 ita?
447 193 594 234 nempe
612 180 706 220 huic
724 189 885 233 prorsus
902 177 1013 216 illam
1031 189 1115 217 non
1133 177 1212 216 dat.
1280 176 1360 215 DA.
1402 177 1568 217 Ridicu-

263 248 347 288 lum
368 248 513 302 caput!

19 329 26 335 ·
98 314 222 359 Quasi
240 314 481 364 necessesit,
502 315 533 354 si
553 314 646 354 hmc
665 325 748 353 non
766 312 846 361 dat,
868 317 907 350 te
926 310 1037 350 illam
1056 323 1224 349 uxorem
1244 310 1388 349 ducere
1408 324 1415 347 :
1513 314 1562 349 35

99 383 186 423 Nisi
206 383 328 433 vides,
349 384 426 423 nisi
444 384 550 423 senis
568 382 717 423 amicos
735 395 835 430 ora-5,
856 380 995 420 ambis.
1055 379 1130 418 Cn.
1162 379 1272 417 Bene
1292 391 1442 417 mones.

20 499 24 502 .
98 450 172 490 Ibo
189 464 200 490 ε
230 451 303 491 etsi
320 450 455 491 hercle
474 464 580 505 saepe
593 450 680 504 jam
699 462 764 488 me
784 461 873 502 spes
891 447 978 486 haec
997 447 1186 486 frustrata
1207 445 1264 485 'st.
1325 445 1438 485 Vale.

516 637 694 679 ACTUS
725 637 783 676 II.
843 635 1024 675 SCENA
1055 634 1138 674 111.

598 735 858 774 Pimmnus.
917 733 1075 771 DAvus.

97 847 169 886 ΡΑ.
200 845 307 890 Quid
325 845 446 898 igitur
460 844 534 884 sibi
548 843 631 883 volt
648 844 790 897 pater?
819 857 889 882 cur
901 842 1090 882 simulat?
1119 842 1199 880 DA.
1223 841 1310 894 Ego
1330 841 1459 880 dicam
1481 841 1562 880 tibi.

96 914 138 954 Si
155 913 198 954 id
216 917 443 953 suscenseat
460 925 580 960 nunc,
602 911 696 964 quia
713 924 794 950 non
815 910 884 949 det
902 909 974 949 tibi
992 923 1160 949 uxorem
1182 908 1384 956 Chremes,

95 982 212 1035 Ipsus
230 981 304 1020 sibi
323 994 407 1020 esse
427 979 595 1033 injurius
612 978 794 1018 videatur
811 993 819 1017 ε
850 991 981 1030 neque
1001 977 1044 1017 id
1060 976 1208 1030 injuria
1224 991 1232 1015 :

95 1048 221 1096 Prius,
243 1061 363 1100 quam
383 1052 508 1095 tuum,
529 1051 575 1085 ut
592 1059 676 1085 sese
695 1045 852 1094 habeat,
869 1045 1049 1084 animum
1065 1044 1116 1083 ad
1129 1044 1289 1097 nuptias
1304 1044 1562 1099 perspexerit.

95 1116 174 1155 Sed
192 1115 225 1155 si
243 1121 288 1154 tu
305 1114 463 1168 negaris
483 1114 640 1162 ducere,
660 1113 716 1152 ibi
735 1113 895 1166 culpam
913 1112 955 1152 in
975 1118 1013 1151 te
1034 1112 1245 1151 transferet
1263 1126 1270 1150 :
1539 1115 1562 1150 5

96 1183 201 1223 Tum
220 1182 300 1223 illae
319 1183 446 1222 turbae
466 1182 575 1221 fient.
635 1181 707 1221 ΡΑ.
729 1180 896 1225 Quidvis
914 1181 1054 1234 patiar.
1115 1180 1193 1219 DA.
1217 1180 1335 1219 Pater
1354 1186 1423 1227 est,
1448 1180 1565 1218 Pam·

254 1249 376 1303 phile.
1230 1298 1242 1301 ν

94 1317 267 1357 Difficile
290 1317 358 1357 ’stz
384 1323 469 1357 tum
487 1317 575 1356 haec
595 1316 678 1356 sola
700 1316 746 1356 'st
764 1315 930 1356 mulier:
961 1317 1112 1357 dictum
1133 1331 1178 1357 ac
1197 1317 1349 1356 factum
1366 1316 1566 1356 invenerit

95 1385 284 1438 Aliquam
310 1398 484 1433 causam,
513 1385 773 1438 quamobrem
801 1373 919 1423 eiciat
945 1384 1102 1437 oppido.
1164 1385 1235 1423 ΡΑ.
1268 1383 1427 1423 Eiciat?
1483 1383 1562 1421 DA.

257 1454 356 1494 Cito.

95 1523 163 1562 ΡΑ,
198 1523 306 1562 Cedo
324 1522 446 1574 igitur
462 1517 559 1573 quid
576 1519 733 1567 faciam,
757 1519 901 1558 Dave?
948 1519 1028 1558 DA.
1062 1519 1138 1558 Dic
1159 1525 1196 1558 te
1217 1519 1444 1559 ducturum.
1490 1518 1562 1556 ΡΑ.

257 1589 392 1629 Hem!
452 1588 532 1627 DA.
563 1587 671 1632 Quid
690 1587 777 1626 est?
1382 1633 1385 1635 μ

94 1656 166 1695 ΡΛ.
209 1654 338 1708 Egon'
369 1654 530 1694 dicam?
604 1653 683 1692 DA.
734 1653 813 1692 Cur
851 1653 962 1692 non?
1033 1653 1106 1691 ΡΑ.
1153 1653 1372 1706 Nunquam
1405 1652 1562 1692 faciam.

257 1723 337 1762 DA.
376 1721 440 1761 Ne
459 1734 576 1774 nega.
1516 1722 1566 1758 10

96 1790 167 1830 ΡΑ,
200 1789 372 1828 Suadere
392 1787 486 1827 noli.
545 1787 624 1826 DA.
657 1787 720 1826 Ex
739 1800 787 1825 ea
805 1800 847 1825 re
868 1785 963 1838 quid
983 1784 1062 1834 fiat,
1085 1785 1188 1825 vide.

97 1856 168 1894 ΡΑ.
199 1856 256 1894 Ut
274 1855 324 1894 ab
342 1854 410 1894 illa
429 1853 628 1901 excludar,
650 1853 727 1892 huc
747 1852 973 1892 concludar.
1032 1852 1113 1891 DA.
1145 1852 1238 1891 Non
1259 1853 1314 1891 ita
1337 1853 1393 1892 'st.

97 1924 255 1977 Nempe
274 1923 350 1963 hoc
369 1923 424 1962 sic
444 1935 528 1961 esse
548 1921 688 1974 opinor
705 1936 712 1960 :
744 1921 940 1961 dicturum
962 1926 1128 1973 patrem,

98 1991 233 2031 Ducas
251 1989 341 2029 volo
359 1988 476 2028 hodie
494 2000 662 2027 uxorem
680 2001 688 2025 ε
719 1993 774 2035 tu,
797 1987 953 2034 ducam,
974 1986 1131 2039 inquies
1149 2001 1157 2025 ;

100 2058 207 2098 Cedo
226 2055 321 2110 quid
334 2055 512 2110 jurgabit
530 2055 694 2094 tecum?
720 2053 786 2093 hic
806 2054 948 2093 reddes
968 2053 1114 2101 omnia,
1518 2057 1565 2093 15

100 2126 202 2169 Quae
220 2136 327 2162 nunc
347 2126 440 2161 sunt
458 2126 566 2160 certa
585 2120 622 2159 ei
641 2119 816 2167 consilia,
837 2119 989 2158 incerta
1007 2124 1052 2157 ut
1071 2119 1184 2167 sient,

59 2201 62 2203 ’
102 2189 194 2228 Sine
207 2187 323 2242 ⁴omni
340 2185 513 2239 periclo:
544 2198 639 2224 nam
656 2183 733 2223 hoc
751 2182 861 2222 haud
880 2183 1045 2222 dubium
1068 2183 1124 2232 ’st,
1147 2183 1243 2235 quin
1266 2183 1457 2222 Chremes

102 2254 191 2295 Tibi
208 2267 290 2293 non
309 2252 377 2292 det
393 2256 557 2304 gnatam
574 2264 583 2289 :
617 2264 692 2289 nec
713 2255 756 2289 tu
775 2263 823 2288 ea
842 2263 961 2288 causa
978 2249 1170 2288 minueris

105 2321 218 2369 Haec,
240 2333 329 2372 quae
347 2318 456 2367 facis,
477 2331 528 2356 ne
551 2316 584 2356 is
602 2315 731 2355 mutet
748 2329 862 2355 suam
880 2315 1132 2355 sententiam.

105 2387 213 2427 Patri
231 2387 293 2426 dic
312 2384 415 2425 velle
432 2399 441 2423 ι
470 2390 527 2434 ut,
549 2397 641 2424 cum
659 2383 767 2432 velit,
788 2383 859 2422 tibi
873 2383 963 2436 jure
983 2383 1098 2422 irasci
1118 2396 1199 2422 non
1220 2389 1350 2435 queat.
1518 2386 1570 2421 20

105 2453 224 2503 Nam,
246 2453 352 2506 quod
370 2458 415 2492 tu
433 2465 577 2505 speres,
598 2450 837 2504 propulsabo
855 2450 971 2490 facile
989 2465 998 2499 ;
1029 2451 1208 2490 Uxorem
1226 2450 1289 2489 his
1308 2450 1485 2489 moribus

106 2521 230 2561 Dabit
246 2533 366 2560 nemo
382 2533 391 2559 :
420 2517 600 2558 inveniet
617 2517 779 2570 inopem
797 2517 940 2570 potius,
963 2531 1083 2570 quam
1103 2523 1141 2556 te
1162 2517 1363 2570 corrumpi
1382 2518 1497 2557 sinat.
1571 2525 1573 2527 ’

107 2587 187 2628 Sed
203 2587 236 2627 si
254 2592 292 2626 te
312 2599 428 2638 aequo
447 2584 581 2624 animo
599 2584 702 2623 ferre
722 2583 901 2637 accipiet,
923 2584 1194 2636 negligentem
1213 2584 1354 2623 feceris
1371 2599 1379 2622 z

109 2653 202 2692 Alia
219 2652 364 2692 otiosus
384 2656 560 2703 quaeret:
589 2650 743 2690 interea
762 2650 912 2702 aliquid
931 2650 1119 2690 acciderit
1136 2650 1243 2690 boni.

109 2722 182 2762 ΡΑ.
218 2721 321 2760 Itan'
337 2720 492 2760 credis?
555 2720 635 2759 DA.
665 2719 790 2759 Haud
808 2719 973 2759 dubium
992 2719 1035 2759 id
1054 2719 1215 2772 quidem
1234 2720 1290 2759 'st.
1364 2721 1435 2758 ΡΑ.
1471 2719 1573 2759 Vide

270 2801 349 2840 quo
366 2799 432 2826 me
451 2786 629 2825 inducas.
713 2785 793 2825 DA.
832 2785 940 2829 Quin
960 2791 1067 2824 taces
1084 2786 1093 2823 !
1522 2788 1572 2824 25
