<?xml version="1.0" encoding="UTF-8"?>
<!DOCTYPE html PUBLIC "-//W3C//DTD XHTML 1.0 Transitional//EN"
    "http://www.w3.org/TR/xhtml1/DTD/xhtml1-transitional.dtd">
<html xmlns="http://www.w3.org/1999/xhtml" xml:lang="en" lang="en">
 <head>
  <title>
</title>
<meta http-equiv="Content-Type" content="text/html;charset=utf-8" />
  <meta name='ocr-system' content='tesseract 3.04.00' />
  <meta name='ocr-capabilities' content='ocr_page ocr_carea ocr_par ocr_line ocrx_word'/>
</head>
<body>
  <div class='ocr_page' id='page_1' title='image "./comoediaesext00tereuoft_0213.png"; bbox 0 0 1670 3080; ppageno 0'>
   <div class='ocr_carea' id='block_1_1' title="bbox 518 70 1542 118">
    <p class='ocr_par' dir='ltr' id='par_1_1' title="bbox 518 70 1542 118">
     <span class='ocr_line' id='line_1_1' title="bbox 518 70 1542 118; baseline 0.002 -6"><span class='ocrx_word' id='word_1_1' title='bbox 518 81 676 113; x_wconf 75' lang='lat' dir='ltr'><strong>Ac&#39;rns</strong></span> <span class='ocrx_word' id='word_1_2' title='bbox 713 79 779 110; x_wconf 78' lang='lat' dir='ltr'><strong>lv,</strong></span> <span class='ocrx_word' id='word_1_3' title='bbox 849 79 1013 110; x_wconf 85' lang='lat' dir='ltr'>SCENA</span> <span class='ocrx_word' id='word_1_4' title='bbox 1048 80 1114 111; x_wconf 88' lang='lat' dir='ltr'><strong>1v.</strong></span> <span class='ocrx_word' id='word_1_5' title='bbox 1450 70 1542 118; x_wconf 73' lang='lat'><strong>175</strong></span> 
     </span>
    </p>
   </div>
   <div class='ocr_carea' id='block_1_2' title="bbox 82 163 1249 282">
    <p class='ocr_par' dir='ltr' id='par_1_2' title="bbox 82 163 1249 282">
     <span class='ocr_line' id='line_1_2' title="bbox 84 163 1249 217; baseline 0.002 -15"><span class='ocrx_word' id='word_1_6' title='bbox 84 163 256 213; x_wconf 88' lang='lat' dir='ltr'><strong>Sumtus,</strong></span> <span class='ocrx_word' id='word_1_7' title='bbox 277 178 375 217; x_wconf 89' lang='lat' dir='ltr'><strong>quos</strong></span> <span class='ocrx_word' id='word_1_8' title='bbox 392 164 520 204; x_wconf 81' lang='lat' dir='ltr'>fecisti</span> <span class='ocrx_word' id='word_1_9' title='bbox 537 165 579 203; x_wconf 92' lang='lat' dir='ltr'><strong>in</strong></span> <span class='ocrx_word' id='word_1_10' title='bbox 599 178 699 212; x_wconf 78' lang='lat' dir='ltr'><strong>eam,</strong></span> <span class='ocrx_word' id='word_1_11' title='bbox 721 177 842 217; x_wconf 86' lang='lat' dir='ltr'><strong>quam</strong></span> <span class='ocrx_word' id='word_1_12' title='bbox 860 163 994 202; x_wconf 84' lang='lat' dir='ltr'><strong>animo</strong></span> <span class='ocrx_word' id='word_1_13' title='bbox 1013 176 1128 216; x_wconf 93' lang='lat' dir='ltr'><strong>aequo</strong></span> <span class='ocrx_word' id='word_1_14' title='bbox 1147 164 1249 204; x_wconf 78' lang='lat' dir='ltr'><strong>tuli?</strong></span> 
     </span>
     <span class='ocr_line' id='line_1_3' title="bbox 82 229 1046 282; baseline 0.001 -14"><span class='ocrx_word' id='word_1_15' title='bbox 82 230 160 282; x_wconf 89' lang='lat' dir='ltr'><strong>Egi</strong></span> <span class='ocrx_word' id='word_1_16' title='bbox 177 235 296 282; x_wconf 83' lang='lat' dir='ltr'><strong>atque</strong></span> <span class='ocrx_word' id='word_1_17' title='bbox 315 230 424 270; x_wconf 86' lang='lat' dir='ltr'><strong>oravi</strong></span> <span class='ocrx_word' id='word_1_18' title='bbox 443 236 587 279; x_wconf 89' lang='lat' dir='ltr'><strong>tecum,</strong></span> <span class='ocrx_word' id='word_1_19' title='bbox 607 243 773 270; x_wconf 84' lang='lat' dir='ltr'><strong>uxorem</strong></span> <span class='ocrx_word' id='word_1_20' title='bbox 792 235 837 269; x_wconf 90' lang='lat' dir='ltr'><strong>ut</strong></span> <span class='ocrx_word' id='word_1_21' title='bbox 855 229 1019 269; x_wconf 81' lang='lat' dir='ltr'><strong>duceres</strong></span> <span class='ocrx_word' id='word_1_22' title='bbox 1036 244 1046 269; x_wconf 75' lang='grc' dir='ltr'><strong><em>ε</em></strong></span> 
     </span>
    </p>
   </div>
   <div class='ocr_carea' id='block_1_3' title="bbox 7 293 1539 348">
    <p class='ocr_par' dir='ltr' id='par_1_3' title="bbox 7 293 1539 348">
     <span class='ocr_line' id='line_1_4' title="bbox 7 293 1539 348; baseline 0.003 -15"><span class='ocrx_word' id='word_1_23' title='bbox 7 293 10 300; x_wconf 77' lang='grc'><em>“</em></span> <span class='ocrx_word' id='word_1_24' title='bbox 81 293 255 348; x_wconf 77' lang='lat' dir='ltr'>Tempus</span> <span class='ocrx_word' id='word_1_25' title='bbox 274 295 359 334; x_wconf 85' lang='lat' dir='ltr'>dixi</span> <span class='ocrx_word' id='word_1_26' title='bbox 377 309 461 335; x_wconf 91' lang='lat' dir='ltr'><strong>esse</strong></span> <span class='ocrx_word' id='word_1_27' title='bbox 478 310 487 335; x_wconf 73' lang='grc' dir='ltr'>ε</span> <span class='ocrx_word' id='word_1_28' title='bbox 517 295 691 348; x_wconf 89' lang='lat' dir='ltr'><strong>impulsu</strong></span> <span class='ocrx_word' id='word_1_29' title='bbox 710 295 857 334; x_wconf 86' lang='lat' dir='ltr'><strong>duxisti</strong></span> <span class='ocrx_word' id='word_1_30' title='bbox 875 309 977 334; x_wconf 89' lang='lat' dir='ltr'><strong>meo.</strong></span> <span class='ocrx_word' id='word_1_31' title='bbox 1489 302 1539 338; x_wconf 90' lang='lat'><strong>65</strong></span> 
     </span>
    </p>
   </div>
   <div class='ocr_carea' id='block_1_4' title="bbox 72 360 1538 805">
    <p class='ocr_par' dir='ltr' id='par_1_4' title="bbox 79 360 1080 409">
     <span class='ocr_line' id='line_1_5' title="bbox 79 360 1080 409; baseline 0 -10"><span class='ocrx_word' id='word_1_32' title='bbox 79 360 181 404; x_wconf 84' lang='lat' dir='ltr'><strong>Quae</strong></span> <span class='ocrx_word' id='word_1_33' title='bbox 200 365 297 408; x_wconf 88' lang='lat' dir='ltr'><strong>tum,</strong></span> <span class='ocrx_word' id='word_1_34' title='bbox 319 361 526 400; x_wconf 87' lang='lat' dir='ltr'><strong>obsecutus</strong></span> <span class='ocrx_word' id='word_1_35' title='bbox 544 360 655 409; x_wconf 91' lang='lat' dir='ltr'><strong>mihi,</strong></span> <span class='ocrx_word' id='word_1_36' title='bbox 676 360 803 400; x_wconf 85' lang='lat' dir='ltr'><strong>fecisti</strong></span> <span class='ocrx_word' id='word_1_37' title='bbox 821 365 866 400; x_wconf 86' lang='lat' dir='ltr'><strong>ut</strong></span> <span class='ocrx_word' id='word_1_38' title='bbox 885 361 1080 400; x_wconf 85' lang='lat' dir='ltr'><strong>decuerat.</strong></span> 
     </span>
    </p>

    <p class='ocr_par' dir='ltr' id='par_1_5' title="bbox 78 424 1246 466">
     <span class='ocr_line' id='line_1_6' title="bbox 78 424 1246 466; baseline 0.002 -2"><span class='ocrx_word' id='word_1_39' title='bbox 78 424 198 465; x_wconf 90' lang='lat' dir='ltr'><strong>Nunc</strong></span> <span class='ocrx_word' id='word_1_40' title='bbox 218 425 398 465; x_wconf 84' lang='lat' dir='ltr'><strong>animum</strong></span> <span class='ocrx_word' id='word_1_41' title='bbox 415 439 571 465; x_wconf 86' lang='lat' dir='ltr'><strong>rursum</strong></span> <span class='ocrx_word' id='word_1_42' title='bbox 591 425 643 465; x_wconf 84' lang='lat' dir='ltr'><strong>ad</strong></span> <span class='ocrx_word' id='word_1_43' title='bbox 660 426 911 466; x_wconf 85' lang='lat' dir='ltr'><strong>meretricem</strong></span> <span class='ocrx_word' id='word_1_44' title='bbox 930 426 1088 465; x_wconf 84' lang='lat' dir='ltr'><strong>induxti</strong></span> <span class='ocrx_word' id='word_1_45' title='bbox 1107 431 1220 466; x_wconf 88' lang='lat' dir='ltr'><strong>tuum</strong></span> <span class='ocrx_word' id='word_1_46' title='bbox 1237 441 1246 466; x_wconf 94' lang='lat'><strong>:</strong></span> 
     </span>
    </p>

    <p class='ocr_par' dir='ltr' id='par_1_6' title="bbox 77 490 1014 544">
     <span class='ocr_line' id='line_1_7' title="bbox 77 490 1014 544; baseline 0.002 -14"><span class='ocrx_word' id='word_1_47' title='bbox 77 490 151 531; x_wconf 89' lang='lat' dir='ltr'><strong>Cui</strong></span> <span class='ocrx_word' id='word_1_48' title='bbox 169 497 213 531; x_wconf 88' lang='lat' dir='ltr'><strong>tu</strong></span> <span class='ocrx_word' id='word_1_49' title='bbox 231 493 449 542; x_wconf 84' lang='lat' dir='ltr'><strong>obsecutus,</strong></span> <span class='ocrx_word' id='word_1_50' title='bbox 470 493 566 532; x_wconf 89' lang='lat' dir='ltr'><strong>facis</strong></span> <span class='ocrx_word' id='word_1_51' title='bbox 583 492 677 532; x_wconf 91' lang='lat' dir='ltr'><strong>huic</strong></span> <span class='ocrx_word' id='word_1_52' title='bbox 697 492 797 531; x_wconf 89' lang='lat' dir='ltr'><strong>adeo</strong></span> <span class='ocrx_word' id='word_1_53' title='bbox 816 492 1014 544; x_wconf 88' lang='lat' dir='ltr'><strong>injuriam.</strong></span> 
     </span>
    </p>

    <p class='ocr_par' dir='ltr' id='par_1_7' title="bbox 75 557 1024 600">
     <span class='ocr_line' id='line_1_8' title="bbox 75 557 1024 600; baseline 0.001 -4"><span class='ocrx_word' id='word_1_54' title='bbox 75 557 182 597; x_wconf 90' lang='lat' dir='ltr'><strong>Nam</strong></span> <span class='ocrx_word' id='word_1_55' title='bbox 200 558 243 598; x_wconf 89' lang='lat' dir='ltr'><strong>in</strong></span> <span class='ocrx_word' id='word_1_56' title='bbox 262 560 430 600; x_wconf 89' lang='lat' dir='ltr'><strong>eandem</strong></span> <span class='ocrx_word' id='word_1_57' title='bbox 449 560 573 599; x_wconf 86' lang='lat' dir='ltr'><strong>vitam</strong></span> <span class='ocrx_word' id='word_1_58' title='bbox 593 565 631 599; x_wconf 91' lang='lat' dir='ltr'><strong>te</strong></span> <span class='ocrx_word' id='word_1_59' title='bbox 650 559 872 599; x_wconf 88' lang='lat' dir='ltr'><strong>revolutum</strong></span> <span class='ocrx_word' id='word_1_60' title='bbox 893 559 1024 597; x_wconf 89' lang='lat' dir='ltr'><strong>denuo</strong></span> 
     </span>
    </p>

    <p class='ocr_par' dir='ltr' id='par_1_8' title="bbox 73 622 1538 742">
     <span class='ocr_line' id='line_1_9' title="bbox 74 622 1538 677; baseline 0.001 -15"><span class='ocrx_word' id='word_1_61' title='bbox 74 622 203 663; x_wconf 91' lang='lat' dir='ltr'><strong>Video</strong></span> <span class='ocrx_word' id='word_1_62' title='bbox 222 637 318 664; x_wconf 89' lang='lat' dir='ltr'><strong>esse.</strong></span> <span class='ocrx_word' id='word_1_63' title='bbox 383 625 455 664; x_wconf 74' lang='grc' dir='ltr'><strong>ΡΑ.</strong></span> <span class='ocrx_word' id='word_1_64' title='bbox 496 625 649 664; x_wconf 82' lang='lat' dir='ltr'><strong>Mene?</strong></span> <span class='ocrx_word' id='word_1_65' title='bbox 706 625 781 664; x_wconf 74' lang='lat' dir='ltr'><strong>LA.</strong></span> <span class='ocrx_word' id='word_1_66' title='bbox 819 624 877 663; x_wconf 91' lang='lat' dir='ltr'><strong>Te</strong></span> <span class='ocrx_word' id='word_1_67' title='bbox 896 624 1027 677; x_wconf 88' lang='lat' dir='ltr'><strong>ipsum</strong></span> <span class='ocrx_word' id='word_1_68' title='bbox 1044 637 1053 662; x_wconf 92' lang='lat'>:</span> <span class='ocrx_word' id='word_1_69' title='bbox 1084 628 1123 662; x_wconf 90' lang='lat' dir='ltr'><strong>et</strong></span> <span class='ocrx_word' id='word_1_70' title='bbox 1141 623 1238 663; x_wconf 86' lang='lat' dir='ltr'><strong>facis</strong></span> <span class='ocrx_word' id='word_1_71' title='bbox 1256 623 1454 676; x_wconf 88' lang='lat' dir='ltr'><strong>injuriam.</strong></span> <span class='ocrx_word' id='word_1_72' title='bbox 1486 627 1538 666; x_wconf 83' lang='lat'><strong>70</strong></span> 
     </span>
     <span class='ocr_line' id='line_1_10' title="bbox 73 689 904 742; baseline 0 -14"><span class='ocrx_word' id='word_1_73' title='bbox 73 689 275 742; x_wconf 86' lang='lat' dir='ltr'><strong>Confingis</strong></span> <span class='ocrx_word' id='word_1_74' title='bbox 294 690 411 730; x_wconf 84' lang='lat' dir='ltr'><strong>falsas</strong></span> <span class='ocrx_word' id='word_1_75' title='bbox 431 704 567 730; x_wconf 81' lang='lat' dir='ltr'><strong>causas</strong></span> <span class='ocrx_word' id='word_1_76' title='bbox 587 691 638 730; x_wconf 90' lang='lat' dir='ltr'><strong>ad</strong></span> <span class='ocrx_word' id='word_1_77' title='bbox 656 689 904 737; x_wconf 83' lang='lat' dir='ltr'><strong>discordiam,</strong></span> 
     </span>
    </p>

    <p class='ocr_par' dir='ltr' id='par_1_9' title="bbox 72 751 1248 805">
     <span class='ocr_line' id='line_1_11' title="bbox 72 751 1248 805; baseline 0 -11"><span class='ocrx_word' id='word_1_78' title='bbox 72 755 128 794; x_wconf 93' lang='lat' dir='ltr'><strong>Ut</strong></span> <span class='ocrx_word' id='word_1_79' title='bbox 147 769 238 796; x_wconf 88' lang='lat' dir='ltr'><strong>cum</strong></span> <span class='ocrx_word' id='word_1_80' title='bbox 257 756 325 796; x_wconf 83' lang='lat' dir='ltr'><strong>illa</strong></span> <span class='ocrx_word' id='word_1_81' title='bbox 342 758 464 805; x_wconf 87' lang='lat' dir='ltr'><strong>vivas,</strong></span> <span class='ocrx_word' id='word_1_82' title='bbox 487 764 627 796; x_wconf 89' lang='lat' dir='ltr'><strong>testem</strong></span> <span class='ocrx_word' id='word_1_83' title='bbox 646 757 750 796; x_wconf 89' lang='lat' dir='ltr'><strong>hanc</strong></span> <span class='ocrx_word' id='word_1_84' title='bbox 772 770 862 795; x_wconf 91' lang='lat' dir='ltr'><strong>cum</strong></span> <span class='ocrx_word' id='word_1_85' title='bbox 883 756 953 795; x_wconf 85' lang='lat' dir='ltr'><strong>abs</strong></span> <span class='ocrx_word' id='word_1_86' title='bbox 973 761 1010 795; x_wconf 88' lang='lat' dir='ltr'><strong>te</strong></span> <span class='ocrx_word' id='word_1_87' title='bbox 1031 751 1248 796; x_wconf 82' lang='lat' dir='ltr'><strong>amoveris:</strong></span> 
     </span>
    </p>
   </div>
   <div class='ocr_carea' id='block_1_5' title="bbox 68 822 1532 932">
    <p class='ocr_par' dir='ltr' id='par_1_10' title="bbox 68 822 1532 932">
     <span class='ocr_line' id='line_1_12' title="bbox 70 822 1170 876; baseline 0 -15"><span class='ocrx_word' id='word_1_88' title='bbox 70 823 278 876; x_wconf 85' lang='lat' dir='ltr'><strong>Sensitque</strong></span> <span class='ocrx_word' id='word_1_89' title='bbox 298 824 396 864; x_wconf 87' lang='lat' dir='ltr'><strong>adeo</strong></span> <span class='ocrx_word' id='word_1_90' title='bbox 414 838 516 864; x_wconf 87' lang='lat' dir='ltr'><strong>uxor</strong></span> <span class='ocrx_word' id='word_1_91' title='bbox 532 839 540 863; x_wconf 76' lang='grc' dir='ltr'>ε</span> <span class='ocrx_word' id='word_1_92' title='bbox 572 838 666 863; x_wconf 81' lang='lat' dir='ltr'><strong>nam</strong></span> <span class='ocrx_word' id='word_1_93' title='bbox 686 824 722 863; x_wconf 92' lang='lat' dir='ltr'><strong>ei</strong></span> <span class='ocrx_word' id='word_1_94' title='bbox 743 837 862 863; x_wconf 87' lang='lat' dir='ltr'><strong>causa</strong></span> <span class='ocrx_word' id='word_1_95' title='bbox 880 822 958 862; x_wconf 87' lang='lat' dir='ltr'><strong>alia</strong></span> <span class='ocrx_word' id='word_1_96' title='bbox 976 836 1066 875; x_wconf 88' lang='lat' dir='ltr'><strong>quae</strong></span> <span class='ocrx_word' id='word_1_97' title='bbox 1084 822 1170 871; x_wconf 83' lang='lat' dir='ltr'><strong>fuit,</strong></span> 
     </span>
     <span class='ocr_line' id='line_1_13' title="bbox 68 887 1532 932; baseline -0.001 -2"><span class='ocrx_word' id='word_1_98' title='bbox 68 889 338 932; x_wconf 81' lang='lat' dir='ltr'><strong>Quamobrem</strong></span> <span class='ocrx_word' id='word_1_99' title='bbox 357 891 426 929; x_wconf 88' lang='lat' dir='ltr'><strong>abs</strong></span> <span class='ocrx_word' id='word_1_100' title='bbox 446 896 484 929; x_wconf 92' lang='lat' dir='ltr'><strong>te</strong></span> <span class='ocrx_word' id='word_1_101' title='bbox 504 890 656 929; x_wconf 79' lang='lat' dir='ltr'><strong>abiret?</strong></span> <span class='ocrx_word' id='word_1_102' title='bbox 742 890 817 928; x_wconf 74' lang='lat' dir='ltr'><strong>Pa.</strong></span> <span class='ocrx_word' id='word_1_103' title='bbox 850 887 973 927; x_wconf 89' lang='lat' dir='ltr'><strong>Plane</strong></span> <span class='ocrx_word' id='word_1_104' title='bbox 992 887 1057 927; x_wconf 91' lang='lat' dir='ltr'><strong>hic</strong></span> <span class='ocrx_word' id='word_1_105' title='bbox 1077 888 1254 927; x_wconf 83' lang='lat' dir='ltr'><strong>divinat:</strong></span> <span class='ocrx_word' id='word_1_106' title='bbox 1283 902 1380 928; x_wconf 88' lang='lat' dir='ltr'><strong>nam</strong></span> <span class='ocrx_word' id='word_1_107' title='bbox 1399 889 1441 929; x_wconf 91' lang='lat' dir='ltr'><strong>id</strong></span> <span class='ocrx_word' id='word_1_108' title='bbox 1461 896 1532 929; x_wconf 85' lang='lat' dir='ltr'><strong>est.</strong></span> 
     </span>
    </p>
   </div>
   <div class='ocr_carea' id='block_1_6' title="bbox 48 954 1532 2802">
    <p class='ocr_par' dir='ltr' id='par_1_11' title="bbox 66 954 1531 1075">
     <span class='ocr_line' id='line_1_14' title="bbox 68 954 1531 1009; baseline 0.001 -14"><span class='ocrx_word' id='word_1_109' title='bbox 68 954 141 994; x_wconf 75' lang='grc' dir='ltr'><strong>ΡΑ.</strong></span> <span class='ocrx_word' id='word_1_110' title='bbox 180 956 296 995; x_wconf 84' lang='lat' dir='ltr'><strong>Dabo</strong></span> <span class='ocrx_word' id='word_1_111' title='bbox 308 956 600 1009; x_wconf 79' lang='lat' dir='ltr'><strong>jusjurandum,</strong></span> <span class='ocrx_word' id='word_1_112' title='bbox 622 954 723 994; x_wconf 89' lang='lat' dir='ltr'><strong>nihil</strong></span> <span class='ocrx_word' id='word_1_113' title='bbox 742 968 824 994; x_wconf 92' lang='lat' dir='ltr'><strong>esse</strong></span> <span class='ocrx_word' id='word_1_114' title='bbox 843 954 1008 993; x_wconf 87' lang='lat' dir='ltr'><strong>istorum</strong></span> <span class='ocrx_word' id='word_1_115' title='bbox 1028 954 1110 993; x_wconf 89' lang='lat' dir='ltr'><strong>tibi.</strong></span> <span class='ocrx_word' id='word_1_116' title='bbox 1196 954 1271 994; x_wconf 77' lang='lat' dir='ltr'><strong>LA.</strong></span> <span class='ocrx_word' id='word_1_117' title='bbox 1302 954 1369 994; x_wconf 92' lang='lat' dir='ltr'><strong>Ah</strong></span> <span class='ocrx_word' id='word_1_118' title='bbox 1386 956 1396 994; x_wconf 86' lang='lat'><strong>!</strong></span> <span class='ocrx_word' id='word_1_119' title='bbox 1482 957 1531 997; x_wconf 83' lang='lat'><strong>75</strong></span> 
     </span>
     <span class='ocr_line' id='line_1_15' title="bbox 66 1020 1234 1075; baseline 0 -14"><span class='ocrx_word' id='word_1_120' title='bbox 66 1020 204 1060; x_wconf 87' lang='lat' dir='ltr'><strong>Reduc</strong></span> <span class='ocrx_word' id='word_1_121' title='bbox 223 1035 390 1061; x_wconf 82' lang='lat' dir='ltr'><strong>uxorem</strong></span> <span class='ocrx_word' id='word_1_122' title='bbox 406 1036 417 1061; x_wconf 68' lang='grc' dir='ltr'>ε</span> <span class='ocrx_word' id='word_1_123' title='bbox 446 1027 525 1070; x_wconf 85' lang='lat' dir='ltr'><strong>aut,</strong></span> <span class='ocrx_word' id='word_1_124' title='bbox 548 1022 805 1075; x_wconf 87' lang='lat' dir='ltr'><strong>quamobrem</strong></span> <span class='ocrx_word' id='word_1_125' title='bbox 824 1034 906 1060; x_wconf 92' lang='lat' dir='ltr'><strong>non</strong></span> <span class='ocrx_word' id='word_1_126' title='bbox 926 1034 1024 1073; x_wconf 84' lang='lat' dir='ltr'><strong>opus</strong></span> <span class='ocrx_word' id='word_1_127' title='bbox 1043 1021 1104 1070; x_wconf 87' lang='lat' dir='ltr'><strong>sit,</strong></span> <span class='ocrx_word' id='word_1_128' title='bbox 1126 1021 1234 1061; x_wconf 85' lang='lat' dir='ltr'><strong>cedo.</strong></span> 
     </span>
    </p>

    <p class='ocr_par' dir='ltr' id='par_1_12' title="bbox 66 1087 1532 1208">
     <span class='ocr_line' id='line_1_16' title="bbox 66 1087 1532 1142; baseline 0.003 -16"><span class='ocrx_word' id='word_1_129' title='bbox 66 1087 138 1127; x_wconf 73' lang='grc' dir='ltr'><strong>ΡΛ.</strong></span> <span class='ocrx_word' id='word_1_130' title='bbox 159 1088 253 1128; x_wconf 91' lang='lat' dir='ltr'><strong>Non</strong></span> <span class='ocrx_word' id='word_1_131' title='bbox 273 1095 333 1129; x_wconf 88' lang='lat' dir='ltr'><strong>est</strong></span> <span class='ocrx_word' id='word_1_132' title='bbox 349 1103 457 1129; x_wconf 93' lang='lat' dir='ltr'><strong>nunc</strong></span> <span class='ocrx_word' id='word_1_133' title='bbox 473 1095 640 1142; x_wconf 89' lang='lat' dir='ltr'><strong>tempus.</strong></span> <span class='ocrx_word' id='word_1_134' title='bbox 699 1089 773 1128; x_wconf 71' lang='lat' dir='ltr'><strong>LA.</strong></span> <span class='ocrx_word' id='word_1_135' title='bbox 796 1088 971 1127; x_wconf 90' lang='lat' dir='ltr'><strong>Puerum</strong></span> <span class='ocrx_word' id='word_1_136' title='bbox 991 1088 1161 1141; x_wconf 86' lang='lat' dir='ltr'><strong>accipias</strong></span> <span class='ocrx_word' id='word_1_137' title='bbox 1179 1102 1186 1127; x_wconf 93' lang='lat'>:</span> <span class='ocrx_word' id='word_1_138' title='bbox 1207 1102 1303 1128; x_wconf 84' lang='lat' dir='ltr'><strong>nam</strong></span> <span class='ocrx_word' id='word_1_139' title='bbox 1322 1089 1355 1129; x_wconf 87' lang='lat' dir='ltr'><strong>is</strong></span> <span class='ocrx_word' id='word_1_140' title='bbox 1370 1090 1532 1142; x_wconf 88' lang='lat' dir='ltr'><strong>quidem</strong></span> 
     </span>
     <span class='ocr_line' id='line_1_17' title="bbox 66 1153 958 1208; baseline 0.001 -16"><span class='ocrx_word' id='word_1_141' title='bbox 66 1153 116 1192; x_wconf 90' lang='lat' dir='ltr'><strong>In</strong></span> <span class='ocrx_word' id='word_1_142' title='bbox 135 1154 252 1208; x_wconf 85' lang='lat' dir='ltr'><strong>culpa</strong></span> <span class='ocrx_word' id='word_1_143' title='bbox 270 1168 352 1194; x_wconf 93' lang='lat' dir='ltr'><strong>non</strong></span> <span class='ocrx_word' id='word_1_144' title='bbox 372 1162 431 1195; x_wconf 90' lang='lat' dir='ltr'><strong>est</strong></span> <span class='ocrx_word' id='word_1_145' title='bbox 447 1170 455 1194; x_wconf 97' lang='lat'><strong>:</strong></span> <span class='ocrx_word' id='word_1_146' title='bbox 486 1161 576 1208; x_wconf 88' lang='lat' dir='ltr'><strong>post</strong></span> <span class='ocrx_word' id='word_1_147' title='bbox 594 1155 644 1194; x_wconf 88' lang='lat' dir='ltr'><strong>de</strong></span> <span class='ocrx_word' id='word_1_148' title='bbox 662 1161 790 1194; x_wconf 91' lang='lat' dir='ltr'><strong>matre</strong></span> <span class='ocrx_word' id='word_1_149' title='bbox 809 1154 958 1194; x_wconf 89' lang='lat' dir='ltr'><strong>videro.</strong></span> 
     </span>
    </p>

    <p class='ocr_par' dir='ltr' id='par_1_13' title="bbox 64 1219 1307 1273">
     <span class='ocr_line' id='line_1_18' title="bbox 64 1219 1307 1273; baseline 0.001 -14"><span class='ocrx_word' id='word_1_150' title='bbox 64 1219 136 1258; x_wconf 79' lang='grc' dir='ltr'><strong>ΡΑ.</strong></span> <span class='ocrx_word' id='word_1_151' title='bbox 177 1221 374 1260; x_wconf 86' lang='lat' dir='ltr'><strong>Omnibus</strong></span> <span class='ocrx_word' id='word_1_152' title='bbox 392 1221 520 1260; x_wconf 89' lang='lat' dir='ltr'><strong>modis</strong></span> <span class='ocrx_word' id='word_1_153' title='bbox 538 1221 658 1260; x_wconf 87' lang='lat' dir='ltr'><strong>miser</strong></span> <span class='ocrx_word' id='word_1_154' title='bbox 677 1234 765 1260; x_wconf 90' lang='lat' dir='ltr'><strong>sum</strong></span> <span class='ocrx_word' id='word_1_155' title='bbox 783 1235 791 1259; x_wconf 92' lang='lat'><strong>:</strong></span> <span class='ocrx_word' id='word_1_156' title='bbox 822 1234 908 1269; x_wconf 91' lang='lat' dir='ltr'><strong>nec,</strong></span> <span class='ocrx_word' id='word_1_157' title='bbox 930 1220 1027 1273; x_wconf 91' lang='lat' dir='ltr'><strong>quid</strong></span> <span class='ocrx_word' id='word_1_158' title='bbox 1046 1233 1178 1273; x_wconf 87' lang='lat' dir='ltr'><strong>agam,</strong></span> <span class='ocrx_word' id='word_1_159' title='bbox 1201 1221 1282 1261; x_wconf 88' lang='lat' dir='ltr'><strong>scio</strong></span> <span class='ocrx_word' id='word_1_160' title='bbox 1299 1236 1307 1260; x_wconf 72' lang='grc' dir='ltr'>ε</span> 
     </span>
    </p>

    <p class='ocr_par' dir='ltr' id='par_1_14' title="bbox 63 1285 1531 1406">
     <span class='ocr_line' id='line_1_19' title="bbox 63 1285 1531 1339; baseline 0.001 -14"><span class='ocrx_word' id='word_1_161' title='bbox 63 1285 140 1325; x_wconf 85' lang='lat' dir='ltr'><strong>&#39;rot</strong></span> <span class='ocrx_word' id='word_1_162' title='bbox 157 1300 222 1325; x_wconf 89' lang='lat' dir='ltr'><strong>me</strong></span> <span class='ocrx_word' id='word_1_163' title='bbox 241 1300 347 1326; x_wconf 90' lang='lat' dir='ltr'><strong>nunc</strong></span> <span class='ocrx_word' id='word_1_164' title='bbox 366 1287 483 1326; x_wconf 82' lang='lat' dir='ltr'><strong>rebus</strong></span> <span class='ocrx_word' id='word_1_165' title='bbox 501 1287 690 1326; x_wconf 88' lang='lat' dir='ltr'><strong>miserum</strong></span> <span class='ocrx_word' id='word_1_166' title='bbox 710 1286 910 1326; x_wconf 86' lang='lat' dir='ltr'><strong>concludit</strong></span> <span class='ocrx_word' id='word_1_167' title='bbox 928 1292 1053 1339; x_wconf 82' lang='lat' dir='ltr'><strong>pater.</strong></span> <span class='ocrx_word' id='word_1_168' title='bbox 1478 1291 1531 1327; x_wconf 86' lang='lat'><strong>80</strong></span> 
     </span>
     <span class='ocr_line' id='line_1_20' title="bbox 63 1352 1099 1406; baseline 0.002 -15"><span class='ocrx_word' id='word_1_169' title='bbox 63 1352 195 1392; x_wconf 92' lang='lat' dir='ltr'><strong>Abibo</strong></span> <span class='ocrx_word' id='word_1_170' title='bbox 214 1352 320 1401; x_wconf 92' lang='lat' dir='ltr'><strong>hinc,</strong></span> <span class='ocrx_word' id='word_1_171' title='bbox 341 1366 515 1406; x_wconf 85' lang='lat' dir='ltr'><strong>praesens</strong></span> <span class='ocrx_word' id='word_1_172' title='bbox 535 1354 693 1405; x_wconf 86' lang='lat' dir='ltr'><strong>quando</strong></span> <span class='ocrx_word' id='word_1_173' title='bbox 712 1367 926 1406; x_wconf 82' lang='lat' dir='ltr'><strong>promoveo</strong></span> <span class='ocrx_word' id='word_1_174' title='bbox 945 1367 1099 1406; x_wconf 78' lang='lat' dir='ltr'><strong>parum.</strong></span> 
     </span>
    </p>

    <p class='ocr_par' dir='ltr' id='par_1_15' title="bbox 63 1419 1056 1472">
     <span class='ocr_line' id='line_1_21' title="bbox 63 1419 1056 1472; baseline 0 -14"><span class='ocrx_word' id='word_1_175' title='bbox 63 1419 171 1458; x_wconf 87' lang='lat' dir='ltr'><strong>Nam</strong></span> <span class='ocrx_word' id='word_1_176' title='bbox 189 1433 356 1472; x_wconf 85' lang='lat' dir='ltr'><strong>puerum</strong></span> <span class='ocrx_word' id='word_1_177' title='bbox 376 1419 529 1472; x_wconf 85' lang='lat' dir='ltr'><strong>injussu</strong></span> <span class='ocrx_word' id='word_1_178' title='bbox 548 1419 665 1458; x_wconf 89' lang='lat' dir='ltr'><strong>credo</strong></span> <span class='ocrx_word' id='word_1_179' title='bbox 684 1433 765 1458; x_wconf 92' lang='lat' dir='ltr'><strong>non</strong></span> <span class='ocrx_word' id='word_1_180' title='bbox 785 1419 926 1458; x_wconf 88' lang='lat' dir='ltr'><strong>tollent</strong></span> <span class='ocrx_word' id='word_1_181' title='bbox 943 1433 1056 1469; x_wconf 80' lang='lat' dir='ltr'><strong>meo3</strong></span> 
     </span>
    </p>

    <p class='ocr_par' dir='ltr' id='par_1_16' title="bbox 62 1485 1091 1538">
     <span class='ocr_line' id='line_1_22' title="bbox 62 1485 1091 1538; baseline -0.002 -11"><span class='ocrx_word' id='word_1_182' title='bbox 62 1485 289 1535; x_wconf 74' lang='lat' dir='ltr'><strong>Praesertim</strong></span> <span class='ocrx_word' id='word_1_183' title='bbox 307 1486 350 1526; x_wconf 90' lang='lat' dir='ltr'><strong>in</strong></span> <span class='ocrx_word' id='word_1_184' title='bbox 371 1500 418 1525; x_wconf 87' lang='lat' dir='ltr'><strong>ea</strong></span> <span class='ocrx_word' id='word_1_185' title='bbox 435 1500 478 1525; x_wconf 92' lang='lat' dir='ltr'><strong>re</strong></span> <span class='ocrx_word' id='word_1_186' title='bbox 499 1500 591 1525; x_wconf 88' lang='lat' dir='ltr'><strong>cum</strong></span> <span class='ocrx_word' id='word_1_187' title='bbox 611 1486 662 1524; x_wconf 90' lang='lat' dir='ltr'><strong>sit</strong></span> <span class='ocrx_word' id='word_1_188' title='bbox 679 1486 735 1524; x_wconf 90' lang='lat' dir='ltr'><strong>mi</strong></span> <span class='ocrx_word' id='word_1_189' title='bbox 754 1485 928 1538; x_wconf 86' lang='lat' dir='ltr'><strong>adjutrix</strong></span> <span class='ocrx_word' id='word_1_190' title='bbox 947 1500 1091 1525; x_wconf 87' lang='lat' dir='ltr'><strong>socrus.</strong></span> 
     </span>
    </p>

    <p class='ocr_par' dir='ltr' id='par_1_17' title="bbox 61 1552 1301 1606">
     <span class='ocr_line' id='line_1_23' title="bbox 61 1552 1301 1606; baseline 0.001 -14"><span class='ocrx_word' id='word_1_191' title='bbox 61 1553 135 1592; x_wconf 78' lang='lat' dir='ltr'><strong>LA.</strong></span> <span class='ocrx_word' id='word_1_192' title='bbox 176 1553 327 1606; x_wconf 78' lang='lat' dir='ltr'><strong>Fugis?</strong></span> <span class='ocrx_word' id='word_1_193' title='bbox 353 1553 471 1592; x_wconf 83' lang='lat' dir='ltr'><strong>hem!</strong></span> <span class='ocrx_word' id='word_1_194' title='bbox 500 1567 575 1592; x_wconf 92' lang='lat' dir='ltr'><strong>nec</strong></span> <span class='ocrx_word' id='word_1_195' title='bbox 596 1553 809 1606; x_wconf 84' lang='lat' dir='ltr'><strong>quicquam</strong></span> <span class='ocrx_word' id='word_1_196' title='bbox 825 1553 921 1592; x_wconf 87' lang='lat' dir='ltr'><strong>certi</strong></span> <span class='ocrx_word' id='word_1_197' title='bbox 939 1552 1154 1606; x_wconf 81' lang='lat' dir='ltr'><strong>respondes</strong></span> <span class='ocrx_word' id='word_1_198' title='bbox 1174 1553 1301 1593; x_wconf 72' lang='lat' dir='ltr'><strong>mihi?</strong></span> 
     </span>
    </p>

    <p class='ocr_par' dir='ltr' id='par_1_18' title="bbox 60 1619 1523 1738">
     <span class='ocr_line' id='line_1_24' title="bbox 60 1619 1523 1672; baseline 0.003 -14"><span class='ocrx_word' id='word_1_199' title='bbox 60 1619 171 1658; x_wconf 90' lang='lat' dir='ltr'><strong>Num</strong></span> <span class='ocrx_word' id='word_1_200' title='bbox 189 1619 261 1659; x_wconf 87' lang='lat' dir='ltr'><strong>tibi</strong></span> <span class='ocrx_word' id='word_1_201' title='bbox 280 1619 435 1659; x_wconf 89' lang='lat' dir='ltr'><strong>videtur</strong></span> <span class='ocrx_word' id='word_1_202' title='bbox 453 1633 537 1659; x_wconf 89' lang='lat' dir='ltr'><strong>esse</strong></span> <span class='ocrx_word' id='word_1_203' title='bbox 558 1619 663 1672; x_wconf 89' lang='lat' dir='ltr'><strong>apud</strong></span> <span class='ocrx_word' id='word_1_204' title='bbox 682 1619 795 1658; x_wconf 79' lang='lat' dir='ltr'><strong>sese?</strong></span> <span class='ocrx_word' id='word_1_205' title='bbox 822 1619 906 1658; x_wconf 87' lang='lat' dir='ltr'><strong>sine</strong></span> <span class='ocrx_word' id='word_1_206' title='bbox 924 1633 933 1657; x_wconf 92' lang='lat'>:</span> <span class='ocrx_word' id='word_1_207' title='bbox 1472 1625 1523 1662; x_wconf 82' lang='lat'><strong>85</strong></span> 
     </span>
     <span class='ocr_line' id='line_1_25' title="bbox 60 1683 1386 1738; baseline 0.001 -13"><span class='ocrx_word' id='word_1_208' title='bbox 60 1685 245 1734; x_wconf 85' lang='lat' dir='ltr'><strong>Puerum,</strong></span> <span class='ocrx_word' id='word_1_209' title='bbox 268 1685 474 1738; x_wconf 89' lang='lat' dir='ltr'><strong>Phidippe,</strong></span> <span class='ocrx_word' id='word_1_210' title='bbox 495 1685 594 1724; x_wconf 92' lang='lat' dir='ltr'><strong>mihi</strong></span> <span class='ocrx_word' id='word_1_211' title='bbox 613 1685 734 1724; x_wconf 87' lang='lat' dir='ltr'><strong>cedo:</strong></span> <span class='ocrx_word' id='word_1_212' title='bbox 766 1698 840 1737; x_wconf 85' lang='lat' dir='ltr'><strong>ego</strong></span> <span class='ocrx_word' id='word_1_213' title='bbox 859 1683 977 1724; x_wconf 85' lang='lat' dir='ltr'><strong>alam.</strong></span> <span class='ocrx_word' id='word_1_214' title='bbox 1063 1684 1140 1724; x_wconf 73' lang='lat' dir='ltr'><strong>Pu.</strong></span> <span class='ocrx_word' id='word_1_215' title='bbox 1180 1685 1386 1726; x_wconf 87' lang='lat' dir='ltr'><strong>Maxume.</strong></span> 
     </span>
    </p>

    <p class='ocr_par' dir='ltr' id='par_1_19' title="bbox 59 1751 972 1804">
     <span class='ocr_line' id='line_1_26' title="bbox 59 1751 972 1804; baseline 0 -13"><span class='ocrx_word' id='word_1_216' title='bbox 59 1752 153 1792; x_wconf 90' lang='lat' dir='ltr'><strong>Non</strong></span> <span class='ocrx_word' id='word_1_217' title='bbox 171 1752 318 1792; x_wconf 90' lang='lat' dir='ltr'><strong>mirum</strong></span> <span class='ocrx_word' id='word_1_218' title='bbox 336 1752 432 1792; x_wconf 87' lang='lat' dir='ltr'><strong>fecit</strong></span> <span class='ocrx_word' id='word_1_219' title='bbox 448 1766 560 1800; x_wconf 85' lang='lat' dir='ltr'><strong>uxor,</strong></span> <span class='ocrx_word' id='word_1_220' title='bbox 582 1752 615 1791; x_wconf 88' lang='lat' dir='ltr'><strong>si</strong></span> <span class='ocrx_word' id='word_1_221' title='bbox 633 1751 709 1791; x_wconf 91' lang='lat' dir='ltr'><strong>hoc</strong></span> <span class='ocrx_word' id='word_1_222' title='bbox 729 1765 835 1804; x_wconf 86' lang='lat' dir='ltr'><strong>aegre</strong></span> <span class='ocrx_word' id='word_1_223' title='bbox 856 1751 972 1791; x_wconf 85' lang='lat' dir='ltr'><strong>tulit:</strong></span> 
     </span>
    </p>

    <p class='ocr_par' dir='ltr' id='par_1_20' title="bbox 60 1817 1053 1867">
     <span class='ocr_line' id='line_1_27' title="bbox 60 1817 1053 1867; baseline -0.001 -9"><span class='ocrx_word' id='word_1_224' title='bbox 60 1819 220 1858; x_wconf 81' lang='lat' dir='ltr'><strong>Amarae</strong></span> <span class='ocrx_word' id='word_1_225' title='bbox 239 1817 424 1858; x_wconf 83' lang='lat' dir='ltr'><strong>mulieres</strong></span> <span class='ocrx_word' id='word_1_226' title='bbox 443 1824 546 1867; x_wconf 90' lang='lat' dir='ltr'><strong>sunt,</strong></span> <span class='ocrx_word' id='word_1_227' title='bbox 567 1831 648 1857; x_wconf 91' lang='lat' dir='ltr'><strong>non</strong></span> <span class='ocrx_word' id='word_1_228' title='bbox 667 1818 782 1857; x_wconf 82' lang='lat' dir='ltr'><strong>facile</strong></span> <span class='ocrx_word' id='word_1_229' title='bbox 801 1818 889 1857; x_wconf 90' lang='lat' dir='ltr'><strong>haec</strong></span> <span class='ocrx_word' id='word_1_230' title='bbox 908 1818 1053 1858; x_wconf 88' lang='lat' dir='ltr'><strong>ferunt.</strong></span> 
     </span>
    </p>

    <p class='ocr_par' dir='ltr' id='par_1_21' title="bbox 58 1884 1093 1939">
     <span class='ocr_line' id='line_1_28' title="bbox 58 1884 1093 1939; baseline 0 -15"><span class='ocrx_word' id='word_1_231' title='bbox 58 1885 271 1939; x_wconf 84' lang='lat' dir='ltr'><strong>Propterea</strong></span> <span class='ocrx_word' id='word_1_232' title='bbox 288 1885 376 1925; x_wconf 85' lang='lat' dir='ltr'><strong>haee</strong></span> <span class='ocrx_word' id='word_1_233' title='bbox 394 1885 528 1926; x_wconf 85' lang='lat' dir='ltr'><strong>ira’st:</strong></span> <span class='ocrx_word' id='word_1_234' title='bbox 558 1898 652 1924; x_wconf 87' lang='lat' dir='ltr'><strong>nam</strong></span> <span class='ocrx_word' id='word_1_235' title='bbox 671 1885 757 1937; x_wconf 88' lang='lat' dir='ltr'><strong>ipsa</strong></span> <span class='ocrx_word' id='word_1_236' title='bbox 774 1885 951 1924; x_wconf 82' lang='lat' dir='ltr'><strong>narravit</strong></span> <span class='ocrx_word' id='word_1_237' title='bbox 968 1884 1068 1926; x_wconf 90' lang='lat' dir='ltr'><strong>mihi</strong></span> <span class='ocrx_word' id='word_1_238' title='bbox 1084 1899 1093 1924; x_wconf 91' lang='lat'>:</span> 
     </span>
    </p>

    <p class='ocr_par' dir='ltr' id='par_1_22' title="bbox 56 1951 1520 2072">
     <span class='ocr_line' id='line_1_29' title="bbox 58 1951 1520 2004; baseline 0 -13"><span class='ocrx_word' id='word_1_239' title='bbox 58 1951 108 1991; x_wconf 92' lang='lat' dir='ltr'><strong>Id</strong></span> <span class='ocrx_word' id='word_1_240' title='bbox 127 1965 201 2004; x_wconf 87' lang='lat' dir='ltr'><strong>ego</strong></span> <span class='ocrx_word' id='word_1_241' title='bbox 218 1951 294 1991; x_wconf 93' lang='lat' dir='ltr'><strong>hoc</strong></span> <span class='ocrx_word' id='word_1_242' title='bbox 313 1957 508 2004; x_wconf 82' lang='lat' dir='ltr'><strong>praesente</strong></span> <span class='ocrx_word' id='word_1_243' title='bbox 529 1951 600 1991; x_wconf 88' lang='lat' dir='ltr'><strong>tibi</strong></span> <span class='ocrx_word' id='word_1_244' title='bbox 619 1951 824 1991; x_wconf 83' lang='lat' dir='ltr'><strong>nolueram</strong></span> <span class='ocrx_word' id='word_1_245' title='bbox 844 1952 974 1991; x_wconf 81' lang='lat' dir='ltr'><strong>dicere</strong></span> <span class='ocrx_word' id='word_1_246' title='bbox 993 1966 1001 1991; x_wconf 90' lang='lat'>:</span> <span class='ocrx_word' id='word_1_247' title='bbox 1468 1959 1520 1996; x_wconf 88' lang='grc'><strong>90</strong></span> 
     </span>
     <span class='ocr_line' id='line_1_30' title="bbox 56 2018 1215 2072; baseline 0.001 -14"><span class='ocrx_word' id='word_1_248' title='bbox 56 2018 197 2072; x_wconf 90' lang='lat' dir='ltr'><strong>Neque</strong></span> <span class='ocrx_word' id='word_1_249' title='bbox 217 2018 274 2058; x_wconf 90' lang='lat' dir='ltr'><strong>illi</strong></span> <span class='ocrx_word' id='word_1_250' title='bbox 293 2018 503 2058; x_wconf 87' lang='lat' dir='ltr'><strong>credebam</strong></span> <span class='ocrx_word' id='word_1_251' title='bbox 521 2018 650 2070; x_wconf 86' lang='lat' dir='ltr'><strong>primo</strong></span> <span class='ocrx_word' id='word_1_252' title='bbox 667 2032 676 2056; x_wconf 72' lang='grc' dir='ltr'>ε</span> <span class='ocrx_word' id='word_1_253' title='bbox 705 2030 812 2057; x_wconf 90' lang='lat' dir='ltr'><strong>nunc</strong></span> <span class='ocrx_word' id='word_1_254' title='bbox 831 2031 971 2057; x_wconf 88' lang='lat' dir='ltr'><strong>verum</strong></span> <span class='ocrx_word' id='word_1_255' title='bbox 989 2018 1124 2071; x_wconf 86' lang='lat' dir='ltr'><strong>palam</strong></span> <span class='ocrx_word' id='word_1_256' title='bbox 1144 2025 1215 2059; x_wconf 86' lang='lat' dir='ltr'><strong>est.</strong></span> 
     </span>
    </p>

    <p class='ocr_par' dir='ltr' id='par_1_23' title="bbox 55 2083 1246 2139">
     <span class='ocr_line' id='line_1_31' title="bbox 55 2083 1246 2139; baseline 0.002 -15"><span class='ocrx_word' id='word_1_257' title='bbox 55 2084 163 2124; x_wconf 89' lang='lat' dir='ltr'><strong>Nam</strong></span> <span class='ocrx_word' id='word_1_258' title='bbox 183 2084 345 2124; x_wconf 89' lang='lat' dir='ltr'><strong>omnino</strong></span> <span class='ocrx_word' id='word_1_259' title='bbox 363 2083 573 2123; x_wconf 89' lang='lat' dir='ltr'><strong>abhorrere</strong></span> <span class='ocrx_word' id='word_1_260' title='bbox 593 2084 772 2123; x_wconf 84' lang='lat' dir='ltr'><strong>animum</strong></span> <span class='ocrx_word' id='word_1_261' title='bbox 791 2083 884 2123; x_wconf 90' lang='lat' dir='ltr'><strong>huic</strong></span> <span class='ocrx_word' id='word_1_262' title='bbox 905 2084 1022 2124; x_wconf 91' lang='lat' dir='ltr'><strong>video</strong></span> <span class='ocrx_word' id='word_1_263' title='bbox 1041 2099 1065 2124; x_wconf 87' lang='lat' dir='ltr'><strong>a</strong></span> <span class='ocrx_word' id='word_1_264' title='bbox 1083 2085 1246 2139; x_wconf 84' lang='lat' dir='ltr'><strong>nuptiis.</strong></span> 
     </span>
    </p>

    <p class='ocr_par' dir='ltr' id='par_1_24' title="bbox 54 2149 1183 2203">
     <span class='ocr_line' id='line_1_32' title="bbox 54 2149 1183 2203; baseline 0.001 -13"><span class='ocrx_word' id='word_1_265' title='bbox 54 2150 129 2190; x_wconf 72' lang='lat' dir='ltr'><strong>LA.</strong></span> <span class='ocrx_word' id='word_1_266' title='bbox 167 2149 274 2195; x_wconf 84' lang='lat' dir='ltr'><strong>Quid</strong></span> <span class='ocrx_word' id='word_1_267' title='bbox 292 2163 386 2202; x_wconf 90' lang='lat' dir='ltr'><strong>ergo</strong></span> <span class='ocrx_word' id='word_1_268' title='bbox 406 2163 535 2203; x_wconf 81' lang='lat' dir='ltr'><strong>agam,</strong></span> <span class='ocrx_word' id='word_1_269' title='bbox 558 2149 782 2202; x_wconf 76' lang='lat' dir='ltr'><strong>Phidippe?</strong></span> <span class='ocrx_word' id='word_1_270' title='bbox 811 2149 906 2203; x_wconf 90' lang='lat' dir='ltr'><strong>quid</strong></span> <span class='ocrx_word' id='word_1_271' title='bbox 925 2150 995 2190; x_wconf 83' lang='lat' dir='ltr'><strong>das</strong></span> <span class='ocrx_word' id='word_1_272' title='bbox 1014 2150 1183 2191; x_wconf 75' lang='lat' dir='ltr'><strong>consili?</strong></span> 
     </span>
    </p>

    <p class='ocr_par' dir='ltr' id='par_1_25' title="bbox 52 2205 1513 2404">
     <span class='ocr_line' id='line_1_33' title="bbox 53 2205 1439 2270; baseline 0.003 -13"><span class='ocrx_word' id='word_1_273' title='bbox 53 2217 128 2257; x_wconf 71' lang='lat' dir='ltr'><strong>Pu.</strong></span> <span class='ocrx_word' id='word_1_274' title='bbox 167 2217 274 2262; x_wconf 86' lang='lat' dir='ltr'><strong>Quid</strong></span> <span class='ocrx_word' id='word_1_275' title='bbox 292 2217 416 2270; x_wconf 76' lang='lat' dir='ltr'><strong>agas?</strong></span> <span class='ocrx_word' id='word_1_276' title='bbox 442 2217 691 2256; x_wconf 87' lang='lat' dir='ltr'><strong>meretricem</strong></span> <span class='ocrx_word' id='word_1_277' title='bbox 710 2205 814 2256; x_wconf 79' lang='lat' dir='ltr'><strong>hanc</strong></span> <span class='ocrx_word' id='word_1_278' title='bbox 833 2217 1007 2270; x_wconf 88' lang='lat' dir='ltr'><strong>primum</strong></span> <span class='ocrx_word' id='word_1_279' title='bbox 1027 2218 1253 2259; x_wconf 84' lang='lat' dir='ltr'><strong>adeundam</strong></span> <span class='ocrx_word' id='word_1_280' title='bbox 1272 2233 1414 2260; x_wconf 83' lang='lat' dir='ltr'><strong>censeo</strong></span> <span class='ocrx_word' id='word_1_281' title='bbox 1431 2235 1439 2260; x_wconf 90' lang='lat'>:</span> 
     </span>
     <span class='ocr_line' id='line_1_34' title="bbox 52 2283 1513 2337; baseline -0.001 -13"><span class='ocrx_word' id='word_1_282' title='bbox 52 2285 243 2324; x_wconf 84' lang='lat' dir='ltr'><strong>Oremus:</strong></span> <span class='ocrx_word' id='word_1_283' title='bbox 273 2297 503 2323; x_wconf 88' lang='lat' dir='ltr'><strong>accusemus</strong></span> <span class='ocrx_word' id='word_1_284' title='bbox 520 2297 528 2322; x_wconf 94' lang='lat'>:</span> <span class='ocrx_word' id='word_1_285' title='bbox 557 2284 717 2336; x_wconf 83' lang='lat' dir='ltr'><strong>gravius</strong></span> <span class='ocrx_word' id='word_1_286' title='bbox 736 2283 906 2337; x_wconf 87' lang='lat' dir='ltr'><strong>denique</strong></span> <span class='ocrx_word' id='word_1_287' title='bbox 1463 2290 1513 2327; x_wconf 91' lang='lat'><strong>95</strong></span> 
     </span>
     <span class='ocr_line' id='line_1_35' title="bbox 52 2350 1022 2404; baseline 0 -14"><span class='ocrx_word' id='word_1_288' title='bbox 52 2350 298 2400; x_wconf 86' lang='lat' dir='ltr'><strong>Minitemur,</strong></span> <span class='ocrx_word' id='word_1_289' title='bbox 320 2351 354 2390; x_wconf 91' lang='lat' dir='ltr'><strong>si</strong></span> <span class='ocrx_word' id='word_1_290' title='bbox 372 2365 464 2390; x_wconf 90' lang='lat' dir='ltr'><strong>cum</strong></span> <span class='ocrx_word' id='word_1_291' title='bbox 483 2350 551 2390; x_wconf 90' lang='lat' dir='ltr'><strong>illo</strong></span> <span class='ocrx_word' id='word_1_292' title='bbox 568 2350 753 2391; x_wconf 85' lang='lat' dir='ltr'><strong>habuerit</strong></span> <span class='ocrx_word' id='word_1_293' title='bbox 771 2364 855 2390; x_wconf 88' lang='lat' dir='ltr'><strong>rem</strong></span> <span class='ocrx_word' id='word_1_294' title='bbox 874 2355 1022 2404; x_wconf 81' lang='lat' dir='ltr'><strong>postea.</strong></span> 
     </span>
    </p>

    <p class='ocr_par' dir='ltr' id='par_1_26' title="bbox 50 2417 1450 2523">
     <span class='ocr_line' id='line_1_36' title="bbox 51 2417 1450 2470; baseline 0.001 -13"><span class='ocrx_word' id='word_1_295' title='bbox 51 2417 127 2457; x_wconf 74' lang='lat' dir='ltr'><strong>LA.</strong></span> <span class='ocrx_word' id='word_1_296' title='bbox 167 2417 327 2457; x_wconf 83' lang='lat' dir='ltr'><strong>Faciam</strong></span> <span class='ocrx_word' id='word_1_297' title='bbox 346 2422 391 2456; x_wconf 91' lang='lat' dir='ltr'><strong>ut</strong></span> <span class='ocrx_word' id='word_1_298' title='bbox 409 2431 547 2456; x_wconf 89' lang='lat' dir='ltr'><strong>mones</strong></span> <span class='ocrx_word' id='word_1_299' title='bbox 564 2431 573 2456; x_wconf 91' lang='lat'><strong>:</strong></span> <span class='ocrx_word' id='word_1_300' title='bbox 603 2417 679 2456; x_wconf 90' lang='lat' dir='ltr'><strong>eho</strong></span> <span class='ocrx_word' id='word_1_301' title='bbox 696 2417 705 2455; x_wconf 71' lang='grc' dir='ltr'>ἔ</span> <span class='ocrx_word' id='word_1_302' title='bbox 737 2430 861 2465; x_wconf 88' lang='lat' dir='ltr'><strong>curre,</strong></span> <span class='ocrx_word' id='word_1_303' title='bbox 882 2430 991 2470; x_wconf 87' lang='lat' dir='ltr'><strong>puer,</strong></span> <span class='ocrx_word' id='word_1_304' title='bbox 1013 2418 1064 2457; x_wconf 83' lang='lat' dir='ltr'><strong>ad</strong></span> <span class='ocrx_word' id='word_1_305' title='bbox 1083 2417 1326 2460; x_wconf 82' lang='lat' dir='ltr'><strong>Bacchidem</strong></span> <span class='ocrx_word' id='word_1_306' title='bbox 1344 2418 1450 2460; x_wconf 84' lang='lat' dir='ltr'><strong>hanc</strong></span> 
     </span>
     <span class='ocr_line' id='line_1_37' title="bbox 50 2483 980 2523; baseline -0.001 0"><span class='ocrx_word' id='word_1_307' title='bbox 50 2483 236 2523; x_wconf 87' lang='lat' dir='ltr'><strong>Vicinam</strong></span> <span class='ocrx_word' id='word_1_308' title='bbox 255 2489 453 2523; x_wconf 87' lang='lat' dir='ltr'><strong>nostram:</strong></span> <span class='ocrx_word' id='word_1_309' title='bbox 482 2483 561 2522; x_wconf 92' lang='lat' dir='ltr'><strong>huc</strong></span> <span class='ocrx_word' id='word_1_310' title='bbox 581 2497 702 2523; x_wconf 89' lang='lat' dir='ltr'><strong>evoca</strong></span> <span class='ocrx_word' id='word_1_311' title='bbox 720 2483 850 2522; x_wconf 86' lang='lat' dir='ltr'><strong>verbis</strong></span> <span class='ocrx_word' id='word_1_312' title='bbox 869 2484 980 2523; x_wconf 87' lang='lat' dir='ltr'><strong>meis.</strong></span> 
     </span>
    </p>

    <p class='ocr_par' dir='ltr' id='par_1_27' title="bbox 49 2550 1274 2603">
     <span class='ocr_line' id='line_1_38' title="bbox 49 2550 1274 2603; baseline 0.001 -13"><span class='ocrx_word' id='word_1_313' title='bbox 49 2551 108 2590; x_wconf 88' lang='lat' dir='ltr'><strong>At</strong></span> <span class='ocrx_word' id='word_1_314' title='bbox 124 2556 163 2590; x_wconf 92' lang='lat' dir='ltr'><strong>te</strong></span> <span class='ocrx_word' id='word_1_315' title='bbox 183 2565 251 2590; x_wconf 89' lang='lat' dir='ltr'><strong>oro</strong></span> <span class='ocrx_word' id='word_1_316' title='bbox 269 2564 384 2603; x_wconf 89' lang='lat' dir='ltr'><strong>porro</strong></span> <span class='ocrx_word' id='word_1_317' title='bbox 403 2551 445 2590; x_wconf 90' lang='lat' dir='ltr'><strong>in</strong></span> <span class='ocrx_word' id='word_1_318' title='bbox 465 2550 540 2589; x_wconf 86' lang='lat' dir='ltr'><strong>hac</strong></span> <span class='ocrx_word' id='word_1_319' title='bbox 559 2563 601 2589; x_wconf 91' lang='lat' dir='ltr'><strong>re</strong></span> <span class='ocrx_word' id='word_1_320' title='bbox 621 2550 777 2602; x_wconf 78' lang='lat' dir='ltr'><strong>adjutor</strong></span> <span class='ocrx_word' id='word_1_321' title='bbox 796 2550 848 2589; x_wconf 88' lang='lat' dir='ltr'><strong>sis</strong></span> <span class='ocrx_word' id='word_1_322' title='bbox 867 2550 978 2590; x_wconf 86' lang='lat' dir='ltr'><strong>mihi.</strong></span> <span class='ocrx_word' id='word_1_323' title='bbox 1065 2550 1140 2591; x_wconf 80' lang='grc' dir='ltr'><strong>ΡΗ.</strong></span> <span class='ocrx_word' id='word_1_324' title='bbox 1181 2551 1248 2591; x_wconf 93' lang='lat' dir='ltr'><strong>Ah</strong></span> <span class='ocrx_word' id='word_1_325' title='bbox 1264 2552 1274 2591; x_wconf 89' lang='lat'><strong>!</strong></span> 
     </span>
    </p>

    <p class='ocr_par' dir='ltr' id='par_1_28' title="bbox 49 2615 1510 2731">
     <span class='ocr_line' id='line_1_39' title="bbox 49 2615 1510 2668; baseline 0.001 -12"><span class='ocrx_word' id='word_1_326' title='bbox 49 2617 75 2656; x_wconf 88' lang='lat' dir='ltr'><strong>J</strong></span> <span class='ocrx_word' id='word_1_327' title='bbox 78 2617 295 2657; x_wconf 87' lang='lat' dir='ltr'><strong>amdudum</strong></span> <span class='ocrx_word' id='word_1_328' title='bbox 314 2617 409 2665; x_wconf 82' lang='lat' dir='ltr'><strong>dixi,</strong></span> <span class='ocrx_word' id='word_1_329' title='bbox 430 2617 646 2668; x_wconf 89' lang='lat' dir='ltr'><strong>itidemque</strong></span> <span class='ocrx_word' id='word_1_330' title='bbox 666 2629 774 2655; x_wconf 88' lang='lat' dir='ltr'><strong>nunc</strong></span> <span class='ocrx_word' id='word_1_331' title='bbox 793 2615 893 2665; x_wconf 86' lang='lat' dir='ltr'><strong>dico,</strong></span> <span class='ocrx_word' id='word_1_332' title='bbox 916 2615 1074 2656; x_wconf 88' lang='lat' dir='ltr'><strong>Lache:</strong></span> <span class='ocrx_word' id='word_1_333' title='bbox 1434 2620 1510 2658; x_wconf 79' lang='lat'><strong>100</strong></span> 
     </span>
     <span class='ocr_line' id='line_1_40' title="bbox 49 2682 922 2731; baseline -0.001 -8"><span class='ocrx_word' id='word_1_334' title='bbox 49 2684 214 2723; x_wconf 87' lang='lat' dir='ltr'><strong>Manere</strong></span> <span class='ocrx_word' id='word_1_335' title='bbox 235 2683 468 2722; x_wconf 85' lang='lat' dir='ltr'><strong>affinitatem</strong></span> <span class='ocrx_word' id='word_1_336' title='bbox 486 2683 590 2722; x_wconf 86' lang='lat' dir='ltr'><strong>hanc</strong></span> <span class='ocrx_word' id='word_1_337' title='bbox 610 2683 713 2722; x_wconf 89' lang='lat' dir='ltr'><strong>inter</strong></span> <span class='ocrx_word' id='word_1_338' title='bbox 731 2696 803 2722; x_wconf 86' lang='lat' dir='ltr'><strong>nos</strong></span> <span class='ocrx_word' id='word_1_339' title='bbox 821 2682 922 2731; x_wconf 92' lang='lat' dir='ltr'><strong>volo,</strong></span> 
     </span>
    </p>

    <p class='ocr_par' dir='ltr' id='par_1_29' title="bbox 48 2748 1029 2802">
     <span class='ocr_line' id='line_1_41' title="bbox 48 2748 1029 2802; baseline -0.001 -13"><span class='ocrx_word' id='word_1_340' title='bbox 48 2750 90 2789; x_wconf 88' lang='lat' dir='ltr'><strong>Si</strong></span> <span class='ocrx_word' id='word_1_341' title='bbox 108 2749 189 2789; x_wconf 85' lang='lat' dir='ltr'><strong>ullo</strong></span> <span class='ocrx_word' id='word_1_342' title='bbox 208 2748 326 2788; x_wconf 90' lang='lat' dir='ltr'><strong>modo</strong></span> <span class='ocrx_word' id='word_1_343' title='bbox 346 2754 416 2797; x_wconf 83' lang='lat' dir='ltr'><strong>est,</strong></span> <span class='ocrx_word' id='word_1_344' title='bbox 437 2754 482 2788; x_wconf 89' lang='lat' dir='ltr'><strong>ut</strong></span> <span class='ocrx_word' id='word_1_345' title='bbox 500 2749 645 2802; x_wconf 90' lang='lat' dir='ltr'><strong>possit;</strong></span> <span class='ocrx_word' id='word_1_346' title='bbox 677 2748 782 2801; x_wconf 90' lang='lat' dir='ltr'><strong>quod</strong></span> <span class='ocrx_word' id='word_1_347' title='bbox 801 2762 914 2802; x_wconf 88' lang='lat' dir='ltr'><strong>spero</strong></span> <span class='ocrx_word' id='word_1_348' title='bbox 932 2749 1029 2788; x_wconf 85' lang='lat' dir='ltr'><strong>fore.</strong></span> 
     </span>
    </p>
   </div>
  </div>
 </body>
</html>
