1670 3080
559 222 721 254 „serus
756 221 790 255 1.
860 221 1024 254 SCENA
1055 223 1111 255 11.
1478 209 1572 259 157

113 307 187 349 Ille
204 308 336 362 primo
352 321 393 348 se
412 321 586 361 negare:
615 309 686 348 ned
702 313 912 362 postquam
931 308 1061 348 acrius
1520 311 1572 350 45

111 375 229 415 Pater
246 375 378 425 instat,
399 375 504 424 fecit,
527 375 650 415 animi
668 381 714 414 ut
732 375 905 418 incertus
923 375 1036 424 foret,

107 440 295 480 Pudorin’
314 454 418 480 anne
438 441 563 480 amori
582 441 863 494 obsequeretur
879 441 1019 494 magis.

105 509 329 550 Tundendo
348 515 465 562 atque
485 510 575 550 odio
594 510 767 563 denique
787 509 918 549 effecit
936 523 1059 550 senex
1075 524 1084 550 ε

105 575 330 629 Despondit
348 576 383 616 ei
402 582 566 630 gnatam
585 576 704 630 hujus
723 577 844 616 vicini
862 577 1059 631 proxumi.

103 642 239 696 Usque
259 642 358 682 illud
375 643 504 682 visum
525 649 584 682 est
604 642 814 696 Pamphilo
834 657 885 683 ne
904 645 1082 697 utiquam
1101 658 1237 699 grave,
1515 647 1568 685 50

103 707 243 749 Donec
258 710 344 763 jam
363 710 405 749 in
424 710 519 764 ipsis
537 710 696 763 nuptiis,
717 717 927 764 postquam
946 712 1055 753 videt

103 775 290 826 Paratas3
320 791 394 817 nec
413 791 566 816 moram
585 777 721 826 ullam,
743 778 839 830 quin
860 778 989 827 ducat,
1011 778 1119 819 dari:

103 842 167 882 Ibi
186 843 347 883 demum
366 844 423 883 ita
441 857 547 896 aegre
567 843 668 893 tulit,
688 849 735 883 ut
752 844 880 897 ipsam
900 844 1154 893 Bacchidem,

102 909 144 949 Si
163 910 328 959 adesset,
350 911 477 959 credo,
498 911 554 950 ibi
574 911 658 964 ejus
678 911 1051 951 commiseresceret.

101 976 352 1030 Ubicumque
373 977 510 1017 datum
531 983 615 1017 erat
633 978 804 1030 spatium
824 978 1057 1031 solitudinis,
1512 981 1564 1020 55

99 1046 157 1086 Ut
174 1046 345 1098 colloqui
362 1060 522 1086 meclun
540 1060 621 1085 una
638 1052 771 1100 posset
786 1061 795 1086 :
828 1050 852 1070 ‘⁴
866 1047 1074 1096 Parmeno,

101 1113 218 1163 Perii,
240 1114 336 1166 quid
354 1127 428 1167 ego
448 1114 538 1167 egi?
565 1114 607 1153 in
627 1114 734 1168 quod
752 1127 818 1153 me
838 1114 990 1167 conjeci
1008 1114 1191 1154 malum?

100 1180 194 1220 Non
211 1187 350 1234 potero
369 1182 472 1220 ferre
491 1181 579 1230 hoc,
603 1181 822 1222 Parmeno:
851 1182 953 1235 perii
970 1182 1130 1222 miser.'’

100 1247 176 1288 Pu.
215 1249 273 1288 At
291 1254 330 1288 te
351 1249 406 1288 Di
425 1249 603 1301 Deaeque
624 1262 715 1288 cum
735 1254 803 1288 tuo
821 1249 919 1288 istoc
939 1249 1041 1298 odio,
1064 1249 1230 1289 Laches.

100 1315 172 1355 ΡΑ.
210 1316 267 1355 Ut
285 1316 338 1355 ad
354 1330 483 1369 pauca
500 1315 672 1365 redeam,
693 1329 860 1355 uxorem
880 1316 1042 1356 deducit
1060 1317 1236 1357 domum.
1512 1320 1565 1357 60

99 1383 227 1423 Nocte
245 1383 315 1422 illa
332 1383 462 1437 prima
480 1383 676 1436 virginem
693 1396 776 1423 non
796 1383 928 1437 attigit
944 1398 955 1424 ε

99 1451 200 1495 Quae
220 1451 481 1490 consecuta'st
498 1464 580 1490 nox
599 1465 700 1499 eam,
721 1450 847 1490 nihilo
865 1451 1009 1504 mag-is.

99 1517 175 1556 Pu.
215 1517 322 1562 Quid
341 1517 426 1557 ais?
454 1531 545 1557 cum
565 1517 718 1570 virgine
738 1531 819 1556 una
837 1517 1070 1557 adulescens
1089 1517 1270 1559 cubuerit

99 1584 194 1624 Plus
211 1590 338 1638 potus,
359 1598 442 1623 sese
461 1583 530 1623 illa
549 1584 744 1623 abstinere
764 1589 809 1622 ut
825 1584 1026 1636 potuerit?

78 1654 82 1658 '
98 1651 192 1691 Non
211 1651 422 1691 verisimile
443 1651 540 1691 dicis
557 1666 565 1690 :
595 1664 725 1704 neque
745 1665 884 1690 verum
903 1651 1082 1691 arbitror.
1510 1653 1561 1692 65

98 1719 170 1759 ΡΑ.
210 1719 348 1768 Credo,
370 1719 427 1758 ita
445 1719 571 1759 videri
589 1718 660 1770 tibi
677 1733 685 1757 :
715 1732 810 1757 nam
828 1732 949 1758 nemo
968 1717 1020 1757 ad
1039 1724 1076 1758 te
1096 1719 1217 1767 venit,

97 1787 187 1826 Nisi
205 1787 369 1840 cupiens
389 1787 447 1825 tui
463 1801 472 1825 :
501 1786 568 1825 ille
587 1785 734 1825 invitus
753 1785 863 1825 illam
883 1785 1062 1826 duxerat.

98 1855 174 1894 Pa.
214 1855 322 1899 Quid
340 1854 484 1893 deinde
504 1854 578 1892 fit?
660 1853 733 1892 ΡΑ.
772 1852 925 1892 Diebus
943 1866 1038 1892 sane
1056 1852 1236 1906 pauculis

98 1921 202 1970 Post,
225 1920 457 1974 Pamphilus
476 1934 541 1959 me
561 1919 688 1959 solum
708 1919 860 1959 seducit
877 1920 982 1958 foras
998 1934 1007 1968 ;

97 1988 334 2040 Narratque,
355 1993 401 2026 ut
418 1988 530 2040 virgo
550 1988 599 2027 ab
619 2001 660 2026 se
680 1987 835 2039 integra
855 1987 974 2026 etiam
994 1992 1078 2026 tum
1099 1986 1174 2026 siet
1190 2001 1199 2025 ε
1510 1988 1562 2029 70

97 2055 225 2108 Seque
245 2060 350 2102 ante,
372 2068 492 2108 quam
512 2068 601 2093 eam
620 2067 786 2093 uxorem
805 2054 983 2093 duxisset
1001 2053 1178 2104 domum,

97 2121 292 2174 Sperasse,
315 2134 380 2159 eas
400 2119 565 2159 tolerare
584 2133 698 2172 posse
717 2120 889 2172 nuptias.

96 2191 120 2210 “
137 2188 215 2227 Sed
233 2201 353 2240 quam
372 2187 564 2227 decrerim
582 2200 648 2226 me
667 2200 747 2226 non
766 2200 880 2239 posse
899 2185 1046 2226 diutius

97 2255 270 2305 Habere,
293 2269 382 2295 eam
399 2254 570 2295 ludibrio
587 2254 736 2302 haberi,
759 2254 970 2302 Parmeno,

96 2324 203 2368 Quin
221 2324 417 2376 integ-ram
436 2323 575 2362 itidem
593 2321 771 2370 reddam,
792 2327 838 2360 ut
856 2321 1004 2374 accepi,
1026 2321 1119 2368 suis,
1509 2322 1559 2362 75

96 2458 171 2498 ΡΗ.
211 2458 327 2496 Pium
346 2471 392 2504 ac
410 2457 600 2510 pudicum
619 2455 827 2508 ingenium
846 2468 983 2494 narras
1003 2454 1215 2508 Pamphili.

97 2524 168 2564 ΡΑ.
209 2527 234 2547 “
250 2523 339 2562 Hoc
359 2537 434 2576 ego
452 2522 640 2575 proferre,
662 2520 962 2560 incommodum
979 2520 1037 2559 mi
1057 2534 1142 2560 esse
1163 2521 1354 2561 arbitror:

96 2589 224 2630 Reddi
242 2589 346 2643 patri
365 2595 510 2637 autem,
532 2588 597 2627 cui
615 2594 660 2626 tu
678 2586 735 2626 nil
754 2587 860 2626 dicas
879 2587 962 2636 viti,

96 2654 315 2710 Superbum
336 2661 419 2695 est:
450 2655 519 2694 sed
535 2654 646 2693 illam
666 2667 790 2706 spero,
812 2653 881 2692 ubi
899 2653 976 2692 hoc
996 2653 1238 2706 cognoverit,
1508 2656 1560 2692 80

85 2724 192 2764 ‘Non
209 2737 322 2777 posse
342 2736 383 2762 se
402 2735 561 2761 mecum
581 2734 677 2768 esse,
698 2719 893 2759 abituram
914 2718 1127 2771 denique.'’

98 2791 172 2831 Pu.
212 2790 319 2835 Quid
337 2789 518 2828 interea?
545 2788 679 2827 ibatne
699 2786 751 2826 ad
770 2786 1041 2827 Bacchidem?
1123 2786 1196 2825 ΡΑ.
1237 2785 1434 2830 Quotidie.

98 2857 175 2896 Sed
191 2862 236 2896 ut
253 2856 310 2904 fit,
330 2860 540 2908 postquam
556 2853 666 2892 hunc
686 2851 861 2892 alienum
880 2852 930 2890 ab
949 2865 1033 2891 sese
1053 2851 1172 2899 videt,

98 2922 279 2975 Maligna
295 2921 424 2974 magis
444 2927 483 2961 et
500 2920 629 2973 magis
647 2932 796 2973 procax
813 2919 919 2958 facta
937 2917 1042 2956 illico
1062 2923 1132 2956 est.
