1670 3080
673 557 1047 609 HECYRA.

539 809 752 850 ACTUS
790 807 824 847 Ι.
892 804 1102 847 SCENA
1139 805 1172 844 Ι.

664 914 878 953 Pmno'ns.
937 910 1062 950 Snu.

122 1015 199 1057 Pu.
239 1016 316 1056 Per
333 1014 401 1069 pol
420 1027 540 1068 quam
559 1012 697 1066 paucis
715 1010 890 1064 reperias
907 1008 1183 1050 meretricibus

124 1081 280 1123 Fideles
299 1081 476 1121 evenisse
497 1084 703 1127 amatores,
726 1078 838 1130 Syra.

122 1147 200 1187 Vel
218 1147 283 1187 hic
303 1146 536 1200 Pamphilus
545 1144 709 1198 jurabat
729 1142 913 1196 quotiens
933 1141 1137 1191 Bacchidi,

123 1215 254 1259 Quam
273 1219 420 1262 sancte,
441 1218 487 1252 ut
506 1211 634 1266 quivis
653 1209 770 1250 facile
789 1214 923 1263 posset
942 1208 1114 1257 credere,

122 1281 342 1334 Nunquam
361 1280 432 1319 illa
445 1280 538 1319 viva
556 1291 724 1318 uxorem
743 1277 956 1316 ducturum
976 1275 1154 1315 domum.
1567 1277 1592 1316 5

123 1348 258 1387 Hem!
289 1347 414 1387 duxit.
500 1346 567 1386 SY.
609 1345 715 1397 Ergo
732 1349 944 1397 propterea
962 1348 1001 1382 te
1020 1342 1158 1382 sedulo

124 1414 176 1453 Et
194 1427 338 1453 moneo
357 1419 397 1452 et
413 1412 561 1460 hortor,
582 1425 633 1451 ne
653 1417 692 1450 te
712 1410 947 1463 cujusquam
966 1410 1152 1450 misereat
1168 1423 1178 1449 ε

123 1481 232 1526 Quin
252 1479 406 1533 spolies,
426 1479 598 1527 mutiles,
619 1478 780 1526 laceres,
803 1490 1046 1530 quemquem
1064 1481 1183 1516 nacta
1201 1477 1265 1516 sis.

125 1547 201 1586 Pu.
241 1547 352 1586 Utin’
373 1545 565 1586 eximium
584 1544 789 1584 neminem
806 1543 1000 1582 habeam?
1084 1544 1151 1582 SY.
1192 1544 1427 1594 Neminem;

123 1614 232 1653 Nam
251 1628 370 1653 nemo
390 1613 599 1666 quisquam
618 1611 788 1659 illorum,
811 1610 919 1657 scito,
942 1609 994 1649 ad
1012 1615 1050 1649 te
1071 1610 1192 1659 venit,
1539 1611 1590 1651 10

124 1679 231 1724 Quin
250 1679 306 1719 ita
323 1684 437 1732 paret
457 1692 553 1726 sese,
575 1677 645 1716 abs
664 1682 702 1716 te
721 1681 767 1715 ut
784 1674 987 1716 blanditiis
1006 1674 1086 1715 suis

123 1748 255 1791 Quam
274 1746 442 1787 minimo
460 1745 587 1799 pretio
608 1757 721 1784 suam
740 1742 987 1795 voluptatem
1007 1741 1166 1795 expleat
1182 1757 1190 1780 z

124 1812 291 1852 Hiscine
311 1817 366 1860 tu,
388 1811 542 1859 amab0,
565 1824 645 1850 non
661 1815 799 1850 contra
816 1808 1083 1849 insidiabere?

124 1878 200 1918 Pu.
238 1879 392 1918 Tamen
411 1878 479 1931 pol
499 1877 667 1917 eandem
685 1875 928 1930 injurium'st
946 1888 1029 1914 esse
1049 1875 1244 1914 omnibus.

124 1946 190 1984 SY.
231 1945 428 1997 Injurium
447 1951 580 1984 autem
601 1949 670 1993 est,
690 1942 827 1982 ulcisci
846 1941 1117 1982 adversarios?
1542 1945 1589 1982 15

123 2012 218 2060 Aut,
241 2025 320 2064 qua
339 2011 405 2050 via
424 2015 586 2063 captent
604 2014 642 2048 te
662 2008 731 2057 illi,
754 2008 894 2048 eadem
913 2007 1018 2060 ipsos
1038 2006 1156 2060 capi?

114 2071 238 2117 ¹Eheu
257 2091 321 2116 me
340 2076 552 2116 miseram!
584 2089 654 2115 cur
672 2088 753 2114 non
774 2080 843 2114 aut
860 2074 970 2113 istaec
989 2073 1104 2126 mihl

122 2144 234 2184 AEtas
254 2150 294 2184 et
311 2144 440 2184 forma
459 2149 529 2193 est,
552 2148 621 2183 aut
639 2142 711 2182 tibi
729 2142 818 2181 haec
838 2140 1063 2181 sententia?

576 2340 754 2381 ACTUS
786 2341 819 2380 I.
878 2339 1171 2393 SCENAJL

500 2445 721 2486 PARunNo.
794 2442 1009 2481 Pnuons.
1083 2442 1209 2483 SYRA-

123 2549 194 2589 ΡΑ.
234 2549 365 2588 Senex
383 2548 416 2587 si
435 2555 587 2600 quaeret
604 2560 681 2595 me,
702 2545 821 2584 modo
841 2545 916 2584 isse
936 2544 1056 2584 dicito

121 2616 189 2656 Ad
205 2621 375 2668 portum,
395 2618 676 2668 percontatum
696 2612 912 2652 adventum
934 2609 1149 2664 Pamphili.

122 2682 283 2730 Audin’,
304 2682 400 2735 quid
418 2681 561 2728 dicam,
585 2679 740 2719 Scirte?
768 2678 802 2718 si
821 2683 973 2730 quaeret
990 2691 1068 2726 me,
1088 2677 1149 2717 uti

121 2749 225 2788 Tum
244 2748 371 2788 dicas:
403 2748 436 2787 si
455 2761 536 2787 non
557 2750 720 2799 quaeret,
742 2744 875 2786 nullus
895 2743 1064 2784 dixeris:

120 2815 232 2855 Alias
251 2815 371 2854 ut‘uti
389 2815 537 2868 possim
557 2827 676 2853 causa
693 2812 770 2852 hac
788 2812 956 2864 integra.
1561 2814 1589 2853 5

123 2880 200 2920 Sed
219 2880 374 2920 videon'
397 2894 470 2933 ego
491 2879 741 2920 Philotium?
768 2878 875 2918 unde
893 2877 980 2917 haec
1002 2876 1194 2918 advenit?
