1670 3080
513 66 673 98 ACTUS
714 65 791 97 111.
864 67 1028 98 SCENA
1064 67 1120 98 11.
1461 53 1556 99 12³7

80 153 144 193 So.
184 152 376 193 Miseram
394 167 472 202 me,
505 153 709 192 neminem
727 152 868 201 habeo,
899 152 994 192 solae
1014 166 1152 194 sumus
1169 168 1177 193 ι
1211 155 1316 194 Geta
1335 160 1469 195 autem
1490 155 1556 195 hic

238 232 321 260 non
341 220 472 260 adest:

24 277 40 299 ⁴
75 285 162 326 Nec
190 291 262 335 est,
293 299 413 339 quem
440 287 492 326 ad
525 286 779 327 obstetricem
806 286 977 335 mittam,
1007 300 1083 327 nec
1111 287 1180 340 qui
1206 293 1382 328 arcessat
1399 288 1557 328 AEschi-

237 365 348 392 num.
1530 359 1554 395 5

73 419 144 458 CA.
185 418 258 458 Pol
284 419 318 458 is
344 419 506 472 quidem
524 420 610 474 jam
636 419 702 460 hic
733 419 888 460 aderit:
919 433 1015 461 nam
1043 433 1253 473 nunquam
1282 434 1410 460 unum
1434 421 1557 461 inter-

234 486 359 526 mittit
371 486 497 536 diem,

71 553 179 598 Quin
227 567 385 607 semper
421 554 568 609 veniat.
683 554 750 594 So.
801 553 917 594 Solus
963 567 1147 594 mearum
1194 560 1256 594 est
1302 555 1554 595 miseriarum

232 622 469 663 remedium.
520 610 523 617 Χ

70 689 144 730 CA.
182 690 217 730 E
236 704 279 730 re
298 696 405 731 natae
423 691 567 731 melius
586 691 673 730 fieri
691 689 801 730 haud
819 690 959 743 potuit,
982 704 1104 743 quam
1124 690 1275 730 factum
1296 697 1366 739 est,
1388 691 1497 741 hera,

0 795 1 798 ,
68 757 241 802 Quando
261 759 403 799 vitium
423 759 602 799 oblatum
622 764 681 799 est
697 773 706 798 :
737 758 844 812 quod
864 758 916 798 ad
935 758 1049 798 illum
1069 758 1214 798 attinet
1231 759 1495 812 potissimum,

68 824 220 874 Talem,
242 825 313 865 tali
333 825 496 879 ingenio
516 832 635 880 atque
655 827 801 875 animo,
824 832 965 865 natum
986 840 1037 865 ex
1056 831 1168 865 tanta
1186 826 1351 866 familia.
1458 838 1470 853 ⁸
1502 829 1552 867 10

68 893 133 932 SO.
175 892 240 933 Ita
258 893 326 948 pol
346 899 406 933 est
423 899 469 933 ut
487 893 607 944 dicis;
639 893 768 933 salvos
786 894 913 943 nobis,
937 894 1046 933 Deos
1066 908 1213 947 quaeso‚
1234 901 1281 934 ut
1299 895 1385 935 siet.

496 1095 676 1136 ACTUS
707 1095 790 1134 ΙΙΙ.
851 1094 1034 1135 SCENA
1066 1094 1123 1134 ΙΙ.

385 1227 395 1236 .
440 1201 574 1241 Gau.
634 1201 862 1240 Sos'rRA'rA.
921 1201 1169 1241 CANTHARA.

68 1306 146 1345 Gn.
187 1306 308 1345 Nunc
327 1305 427 1346 illud
446 1311 517 1354 est,
540 1305 658 1358 quod,
680 1305 714 1344 si
731 1305 870 1344 omnia
889 1318 1029 1344 omnes
1050 1319 1122 1345 sua
1141 1304 1308 1346 consilia
1327 1306 1547 1354 conferant,

65 1374 201 1427 Atque
220 1373 314 1413 huic
334 1372 442 1413 malo
461 1372 630 1413 salutem
651 1378 845 1426 quaerant,
867 1372 991 1412 auxili
1011 1372 1112 1412 nihil
1132 1372 1312 1422 afferant,

64 1441 184 1486 Quod
202 1441 395 1496 mihique,
415 1440 616 1497 heraeque,
637 1440 812 1493 filiaeque
831 1440 948 1479 herili
967 1446 1027 1480 est
1044 1455 1053 1480 ε
1083 1455 1146 1480 vae
1166 1441 1312 1481 misero
1332 1440 1445 1490 mihi,

63 1509 141 1550 Tot
158 1524 222 1550 res
241 1515 406 1564 repente
426 1507 743 1557 circumvallant,
764 1508 872 1547 unde
894 1508 1047 1561 emergi
1067 1522 1147 1548 non
1167 1513 1310 1561 potest,

62 1576 147 1626 Vis,
170 1582 336 1631 egestas,
358 1575 564 1630 injustitia,
586 1575 768 1624 solitudo,
790 1575 969 1614 infamia.
1522 1579 1545 1616 5

63 1643 247 1684 Hoccine
275 1642 470 1683 saeclum?
514 1643 550 1683 Ο
585 1641 748 1690 scelera,
780 1642 817 1682 Ο
847 1655 999 1693 genera
1032 1641 1236 1695 sacrilega,
1274 1643 1311 1682 O
1339 1642 1547 1682 hominem

226 1711 409 1765 impium.

61 1780 127 1819 So.
169 1778 240 1819 Me
263 1779 463 1827 miseram,
486 1777 742 1832 quidnam’st,
770 1776 878 1831 quod
904 1776 959 1815 sic
982 1775 1099 1816 video
1125 1776 1312 1816 timidum
1342 1783 1382 1816 et
1404 1791 1547 1831 prope-

222 1852 380 1886 rantem
402 1846 549 1886 Getam
564 1845 581 1884 ’ἱ

60 1914 138 1953 Gn.
181 1914 313 1959 Quem
332 1926 465 1966 neque
486 1911 598 1960 fides,
620 1924 752 1964 neque
774 1910 1074 1964 jusjurandum,
1103 1924 1235 1965 neque
1257 1911 1372 1952 illum
1392 1912 1546 1953 miseri-

226 1981 360 2021 cordia

62 2047 277 2102 Repressit,
300 2060 431 2100 neque
449 2046 619 2096 reflexit,
640 2059 772 2099 neque
793 2045 899 2098 quod
918 2051 1057 2099 partus
1076 2046 1251 2086 instabat
1269 2060 1393 2101 prope
1411 2061 1420 2086 ε

63 2114 138 2154 Cui
158 2113 315 2154 miserae
344 2113 509 2167 indigne
537 2126 611 2167 per
630 2113 713 2152 vim
731 2112 875 2152 vitium
901 2112 1111 2152 obtulerat.
1198 2114 1264 2153 So.
1305 2114 1400 2154 Non
1429 2115 1545 2154 intel—

223 2180 252 2219 li
281 2194 306 2220 o
1495 2185 1544 2221 10

60 2248 174 2298 Satis,
195 2194 286 2301 quge
305 2247 501 2300 loquatur.
598 2247 670 2287 CA.
710 2246 880 2301 Propius
898 2247 1063 2288 obsecro
1082 2248 1332 2299 accedamus,
1355 2250 1542 2290 Sostrata.

223 2317 302 2356 Gn.
342 2315 413 2354 Ah
430 2315 439 2355 !
913 2325 915 2327 ’

56 2381 126 2423 Me
145 2382 349 2432 miserum,
370 2382 441 2422 vix
459 2395 549 2422 sum
569 2395 735 2435 compos
755 2381 891 2430 animi,
913 2381 971 2421 ita
990 2381 1110 2422 ardeo
1129 2381 1348 2422 iracundia.

55 2450 167 2491 Nihil
205 2455 277 2500 est,
317 2450 424 2505 quod
461 2450 613 2498 malim,
655 2464 777 2504 quam
812 2449 927 2489 illam
966 2454 1092 2489 totam
1129 2449 1326 2490 familiam
1365 2451 1451 2491 dari
1486 2452 1541 2490 mi

219 2518 391 2567 obviam,

59 2584 116 2624 Ut
134 2598 209 2638 ego
228 2585 330 2625 iram
349 2584 454 2625 hanc
474 2584 515 2624 in
538 2598 605 2624 eos
625 2598 810 2625 evomam
831 2597 1007 2634 omnem,
1029 2585 1127 2625 dum
1157 2586 1354 2639 aegritudo
1373 2593 1432 2627 est
1454 2587 1541 2627 haec

220 2666 361 2693 recens
377 2667 386 2692 :

63 2719 164 2759 Satis
182 2720 239 2759 mi
258 2719 300 2760 id
316 2719 489 2760 habeam
508 2718 690 2774 supplici,
712 2719 809 2759 dum
828 2718 904 2759 hoc
925 2719 1013 2759 illos
1032 2718 1203 2759 ulciscar
1220 2720 1342 2759 modo
1359 2735 1368 2759 :
1493 2724 1539 2760 15

64 2786 157 2827 Seni
176 2787 354 2828 animam
372 2787 549 2841 primum
569 2787 846 2840 extinguerem
867 2787 954 2840 ipsi,
973 2787 1042 2841 qui
1062 2787 1161 2827 illud
1180 2787 1369 2841 produxit
1388 2788 1539 2828 scelus:
