1670 3080
127 97 227 144 212
738 115 982 151 PnoRMm.

549 265 729 308 ACTUS
761 269 810 308 V.
870 269 1052 308 SCENA
1082 269 1158 309 IV.

749 371 959 410 ANTIPHO.

124 475 260 515 Laetus
279 489 379 525 sum,
401 481 446 515 ut
464 489 566 515 meae
585 490 648 515 res
668 489 753 515 sese
773 476 933 525 habent,
954 476 1067 516 fratri
1087 476 1272 529 obtigisse
1292 477 1399 530 quod
1417 477 1512 519 volt.

123 543 255 587 Quam
275 543 480 591 scitum'st,
502 543 695 595 ejusmodi
714 556 854 595 parare
874 543 915 581 in
936 543 1070 581 animo
1090 543 1334 596 cupiditates,

122 608 243 656 Quas,
265 622 356 647 cum
376 622 438 647 res
458 608 635 647 advorsae
655 608 769 657 sient,
790 608 908 661 paulo
927 609 1078 648 mederi
1096 609 1246 661 possis!

122 677 204 716 Hic
224 676 343 716 simul
362 681 572 729 argentum
591 676 748 729 reperit,
772 689 867 715 cura
886 690 968 715 sese
990 677 1192 729 expedivit
1209 691 1217 716 ε

123 745 210 797 Ego
229 744 340 783 nullo
358 758 520 797 possum
540 743 716 782 remedio
736 756 801 782 me
822 743 1003 782 evolvere
1025 757 1075 782 ex
1094 743 1156 782 his
1176 743 1300 783 turbis
1317 757 1326 782 ε
1562 748 1587 785 5

122 812 242 858 Quin,
265 811 296 850 si
315 811 391 850 hoc
412 811 572 859 celetur,
593 811 635 849 in
654 816 765 849 metu
782 824 791 858 ;
823 810 883 848 sin
903 810 1051 862 patefit,
1073 811 1115 849 in
1134 811 1278 863 probro
1297 810 1385 850 sim.

122 876 266 929 Neque
285 890 350 915 me
371 876 533 915 domum
554 889 661 915 nunc
681 876 912 928 reciperem,
935 876 978 914 ni
998 876 1053 915 mi
1074 883 1177 916 esset
1196 890 1285 930 spes
1305 881 1460 917 ostenta

122 942 305 994 Hujusce
324 942 497 982 habendi
514 957 523 981 z
554 942 623 981 sed
641 942 806 981 ubinam
830 943 976 982 Getam
995 943 1175 983 invenire
1194 943 1374 996 possim?

121 1007 290 1060 Rogem,
312 1008 418 1060 quod
437 1008 703 1047 conveniundi
723 1007 846 1060 patris
866 1022 930 1048 me
950 1014 1107 1062 tempus
1127 1023 1267 1063 capere
1280 1009 1447 1063 jubeat?

559 1206 737 1245 ACTUS
770 1207 820 1246 V.
880 1207 1059 1247 SCENA
1092 1209 1141 1248 V.

594 1340 596 1345 ,
617 1309 830 1348 Pnommo.
890 1310 1117 1366 ΑΝἰίιἯο.Ὶι

119 1410 197 1449 ΡΗ.
231 1409 458 1462 Argentum
478 1408 635 1460 accepi:
669 1408 814 1447 tradidi
833 1408 994 1448 lenoni:
1024 1409 1174 1449 abduxi
1193 1411 1424 1453 mulierem:

120 1476 276 1524 Curavi,
298 1475 458 1528 propria
477 1488 524 1513 ea
544 1474 728 1514 Phaedria
747 1480 792 1514 ut
810 1481 1035 1528 poteretur:
1066 1490 1162 1516 nam
1182 1479 1325 1520 emissa
1343 1486 1404 1521 est
1420 1494 1556 1524 manu.

119 1542 240 1581 Nunc
260 1554 342 1580 una
360 1540 460 1580 mihi
479 1554 541 1579 res
562 1540 682 1579 etiam
701 1546 836 1589 restat,
858 1555 947 1594 quae
969 1549 1027 1582 est
1046 1544 1324 1596 conficiunda;
1355 1547 1480 1588 otium

118 1609 184 1648 Ab
200 1608 358 1648 senibus
374 1608 425 1647 ad
442 1607 661 1660 potandum
681 1614 726 1647 ut
744 1608 915 1648 habeam
932 1624 941 1648 ε
963 1624 1058 1650 nam
1073 1611 1224 1666 aliquot
1237 1613 1308 1656 hos
1323 1628 1478 1656 sumam
1491 1616 1587 1656 dies.

118 1677 199 1716 AN.
240 1676 318 1715 Sed
338 1675 577 1714 Phormio’st
594 1689 602 1714 :
634 1675 730 1727 quid
756 1676 844 1715 ais?
927 1677 1003 1717 ΡΗ.
1044 1679 1180 1724 Quid?
1262 1682 1344 1722 AN.
1384 1683 1588 1728 Quidnam

278 1755 387 1782 nunc
406 1742 632 1798 facturus'st
652 1743 866 1783 Phaedria?
1561 1755 1586 1791 5

117 1811 207 1855 Quo
225 1815 342 1863 pacto
362 1810 585 1849 satietatem
605 1811 750 1850 amoris
771 1811 826 1850 ait
844 1825 885 1850 se
906 1812 1007 1852 velle
1027 1814 1266 1855 absumere?

117 1878 195 1918 Pu.
235 1877 421 1917 Vicissim
457 1884 589 1930 partes
627 1883 714 1918 tuas
752 1880 972 1920 acturus’st.
1058 1882 1141 1922 An.
1180 1883 1320 1928 Quas?
1402 1885 1478 1926 ΡΗ.
1518 1887 1588 1927 Uti

276 1944 422 1995 fugitet
439 1949 594 1996 patrem
612 1958 621 1982 ε

116 2010 173 2049 Te
194 2023 283 2048 suas
301 2009 457 2061 rogavit
475 2023 630 2048 rursum
649 2016 694 2050 ut
713 2024 851 2063 ageres
866 2027 876 2060 ;
907 2026 1067 2053 causam
1086 2019 1132 2054 ut
1148 2028 1221 2068 pro
1239 2029 1281 2056 se
1300 2017 1462 2058 diceres.

117 2075 224 2115 Nam
243 2080 449 2128 potaturus
469 2081 529 2114 est
547 2077 653 2128 apud
671 2090 735 2115 me
753 2091 762 2115 :
794 2091 868 2130 ego
887 2092 951 2117 me
970 2079 1027 2118 ire
1048 2081 1207 2120 senibus
1228 2083 1395 2122 Sunium

117 2144 262 2184 Dicam
300 2142 352 2181 ad
392 2147 624 2191 mercatum,
665 2143 894 2183 ancillulam
933 2151 1097 2196 emtum,
1136 2147 1289 2188 dudum
1325 2163 1446 2202 quam
1484 2151 1585 2192 dixit

280 2208 384 2248 Geta
401 2222 409 2246 :
1530 2221 1581 2258 10

117 2276 182 2315 Ne
201 2288 293 2314 cum
311 2273 377 2312 hic
395 2287 477 2312 non
496 2273 660 2313 videant
677 2288 754 2323 me,
777 2275 973 2316 conficere
993 2278 1157 2318 credant
1175 2285 1386 2333 argentum
1405 2294 1534 2323 suum.

115 2341 197 2382 Sed
235 2341 378 2381 ostium
416 2341 645 2393 concrepuit
681 2340 751 2380 abs
788 2347 838 2380 te.
935 2343 1016 2383 AN.
1067 2345 1183 2395 Vide,
1223 2346 1291 2399 qui
1338 2348 1579 2401 egrediatur.

280 2406 355 2446 Pu.
396 2406 561 2447 Geta’st.

1657 2112 1670 2162 ε.

1660 2164 1670 2235 g

1656 2239 1670 2331 Ξ

1657 2324 1670 2379 ’Ξ

1659 2383 1670 2423 5

1660 2426 1670 2515 ἐ

1656 2625 1670 2688 T}

1639 2691 1670 2776 Ξ

1647 3065 1666 3080 V<
1649 2916 1670 3060 abennem&
