1670 3080
493 140 651 171 ACTUS
690 141 734 172 v,
805 142 969 174 SCENA
1005 143 1071 175 1v.
1433 133 1524 180 145

70 224 191 265 Bonae
211 231 290 265 tuae
309 226 395 266 istae
413 238 487 265 nos
506 227 688 276 rationes,
712 227 846 277 Micio,
1481 237 1535 272 50

65 291 118 331 Et
137 297 226 331 tuus
244 291 318 331 iste
337 292 493 332 animus
511 307 649 347 aequus
668 295 883 334 subvortat.
942 295 1020 336 M1.
1060 297 1178 348 Tace,

63 356 158 398 Non
177 357 270 398 fiet:
300 359 414 398 mitte
427 360 514 413 jam
533 360 666 399 istaec:
697 361 748 401 da
767 367 805 400 te
825 361 943 402 hodie
963 363 1063 403 mihi
1079 379 1088 403 :

62 421 248 477 Exporge
267 424 452 464 frontem.
526 426 617 465 De.
658 427 816 467 Scilicet
834 428 889 468 ita
909 434 1066 483 tempus
1085 431 1172 479 fert,

60 488 361 530 Faciundum'st
377 506 386 531 ε
417 497 593 532 ceterum
613 507 680 532 rus
699 507 786 533 cras
805 508 897 534 cum
916 494 998 535 filio

59 555 164 595 Cum
182 557 313 610 primo
330 557 422 598 luci.
508 558 586 598 M1.
627 552 758 599 Immo
779 560 828 599 de
847 567 963 601 nocte
985 576 1152 603 censeo:
1472 571 1524 611 55

57 621 191 662 Hodie
211 625 331 664 modo
349 624 522 665 hilarum
543 632 581 665 te
600 627 700 666 face.
786 627 864 666 DE.
905 629 958 667 Et
976 629 1093 669 istam
1112 630 1317 683 psaltriam

55 687 148 728 Una
166 688 260 730 illuc
279 705 438 731 mecum
456 691 550 732 hinc
571 693 810 733 abstraham.
897 693 974 735 M1.
1015 696 1274 750 Pugnaveris.

53 754 114 794 Eo
130 761 248 809 pacto
266 770 448 810 prorsum
468 758 526 797 illi
545 758 718 812 alligaris
738 759 877 800 filium.

52 821 178 862 Modo
195 823 327 873 facito,
349 829 393 863 ut
410 824 521 864 illam
540 839 683 865 serves.
769 826 849 866 Dm.
889 827 976 880 Ego
995 828 1095 868 istuc
1116 829 1278 871 videro:
1296 837 1427 887 ‘atque
1511 875 1514 878 Α

52 887 119 928 Illi
137 888 284 930 favillae
302 889 433 943 plena,
454 891 556 931 fumi
574 905 620 931 ac
639 892 810 945 pollinis,
1468 902 1521 940 60

51 955 338 1010 Coquendosit
356 958 449 997 faxo
470 964 510 998 et
528 958 715 1002 molendo
732 973 742 999 τ
771 966 917 1017 praeter
935 960 1022 1001 haec

49 1023 221 1064 Meridie
239 1024 324 1078 ipso
343 1026 488 1066 faciam
508 1031 554 1065 ut
572 1026 760 1079 stipulam
781 1027 941 1081 colligat
957 1043 966 1068 :

46 1089 148 1130 Tam
168 1096 374 1131 excoctam
392 1092 559 1132 reddam
578 1098 698 1146 atque
717 1099 857 1142 atram,
879 1108 1001 1148 quam
1020 1096 1200 1136 carbo’st.
1261 1097 1338 1139 Μι.
1370 1099 1518 1142 Placet.

46 1156 166 1198 Nunc
185 1158 286 1199 mihi
304 1159 438 1199 videre
458 1173 596 1214 sapere
612 1174 621 1199 :
652 1166 771 1213 atque
792 1162 977 1214 equidem
997 1162 1135 1212 filium,

45 1224 150 1264 Tum
170 1225 291 1266 etiam
310 1226 343 1266 si
361 1227 472 1276 nolit,
494 1241 648 1281 cogam,
668 1233 715 1268 ut
733 1242 825 1268 cum
844 1228 914 1269 illa
932 1243 1013 1269 una
1033 1230 1162 1270 cubet.
1465 1238 1516 1276 65

47 1291 124 1332 Da.
164 1293 365 1334 Derides?
391 1295 627 1345 fortunatus,
650 1296 718 1348 qui
737 1296 813 1335 isto
833 1297 968 1336 animo
985 1297 1061 1336 sies
1078 1312 1087 1336 ε

44 1359 133 1412 Ego
151 1361 291 1400 sentio.
377 1362 456 1405 M1.
495 1362 587 1402 Ah!
617 1363 802 1416 pergisne
818 1364 834 1403 2
918 1364 998 1403 De.
1039 1364 1064 1404 J
1068 1378 1132 1404 am
1146 1364 1234 1419 jam
1254 1367 1404 1408 desino.

44 1425 121 1466 M1.
163 1427 183 1468 1
204 1442 299 1482 ergo
319 1429 447 1479 intro;
477 1436 518 1470 et
537 1430 602 1470 cui
619 1431 678 1471 rei
697 1436 766 1480 est,
789 1431 827 1471 ei
844 1431 902 1471 rei
921 1423 1029 1472 hunc
1050 1446 1254 1474 sumamus
1273 1435 1392 1476 diem.

443 1630 622 1671 ACTUS
652 1632 702 1671 V.
762 1632 942 1672 SCENA
974 1632 1049 1674 IV.

692 1733 860 1773 Deum.

0 1859 19 1867 „r
36 1834 258 1888 Nunquam
275 1835 331 1875 ita
350 1835 559 1889 quisquam
578 1835 680 1875 bene
701 1836 895 1876 subducta
911 1836 1064 1876 ratione
1084 1837 1136 1877 ad
1155 1838 1278 1879 vitam
1296 1840 1382 1890 fuit,

36 1902 144 1946 Quin
163 1916 236 1950 res,
258 1909 367 1951 aetas,
388 1916 483 1942 usus
504 1916 661 1956 semper
680 1902 830 1955 aliquid
848 1909 1032 1956 apportet
1050 1905 1169 1954 novi;

35 1969 202 2023 Aliquid
219 1976 405 2019 moneat3
435 1976 480 2010 ut
497 1967 578 2018 illa,
601 1983 691 2024 quae
711 1975 749 2009 te
770 1970 869 2010 scire
890 1970 1038 2021 credas,
1061 1973 1239 2023 nescias;

33 2037 85 2077 Et
103 2051 194 2091 quae
213 2037 285 2078 tibi
302 2038 453 2092 putaris
471 2037 612 2090 prima,
632 2037 675 2076 in
695 2037 941 2090 experiundo
959 2043 1005 2077 ut
1023 2038 1229 2092 repudies:

33 2105 150 2150 Quod
171 2118 279 2161 nunc
305 2105 362 2144 mi
390 2105 525 2145 evenit
544 2119 553 2144 ς
583 2118 678 2145 nam
708 2118 781 2158 ego
801 2105 926 2145 vitam
949 2105 1102 2156 duram,
1128 2120 1249 2161 quam
1269 2109 1352 2150 vixi
1376 2124 1501 2165 usque

192 2172 334 2222 adhuc,
1473 2181 1499 2219 5

32 2238 158 2292 Prope
179 2239 344 2279 decurso
362 2238 500 2292 spatio,
522 2238 662 2279 omitto
681 2253 689 2278 :
719 2238 762 2278 id
782 2239 1069 2293 quamobrem?
1096 2254 1139 2281 re
1158 2241 1244 2295 ipsa
1262 2245 1402 2298 reperi,

30 2305 234 2346 Facilitate
254 2306 356 2346 nihil
374 2320 458 2346 esse
477 2306 632 2348 homini
652 2306 795 2348 melius
814 2295 946 2360 neque
966 2307 1192 2348 clementia.

30 2372 81 2413 Id
99 2386 182 2414 esse
201 2387 352 2422 verum,
374 2387 426 2413 ex
443 2388 508 2413 me
528 2379 647 2427 atque
668 2387 719 2413 ex
737 2374 858 2414 fratre
879 2375 1005 2415 cuivis
1023 2376 1192 2416 facile’st
1210 2391 1386 2420 noscere,

30 2438 105 2480 Ille
125 2453 238 2479 suam
258 2453 414 2493 semper
432 2441 515 2493 egit
532 2441 657 2480 vitam
675 2441 718 2480 in
738 2441 829 2491 otio,
850 2442 892 2481 in
914 2443 1105 2483 conviviis
1122 2458 1132 2483 ε

29 2506 223 2556 Clemens,
243 2508 434 2561 placidus,
455 2508 556 2547 nulli
573 2508 719 2548 laedere
740 2522 794 2558 os,
816 2509 988 2549 arridere
1008 2510 1193 2550 omnibus
1211 2526 1219 2550 z
1444 2517 1496 2555 10

29 2574 108 2616 Sibi
127 2575 253 2615 vixit:
283 2576 356 2615 sibi
376 2581 551 2615 sumtum
569 2576 664 2616 fecit
681 2590 689 2615 :
720 2589 860 2617 omnes
877 2567 1132 2626 benedicunt,
1153 2585 1303 2618 amant.

28 2641 114 2696 Ego
131 2642 198 2682 ille
217 2643 392 2696 agrestis,
413 2656 552 2691 saevus,
574 2643 706 2691 tristis,
726 2656 881 2696 parcus,
903 2642 1162 2686 truculentus.
1183 2650 1306 2685 tenax

25 2705 137 2750 ‘Duxi
155 2724 322 2751 uxorem
332 2725 349 2773 Ξ
373 2725 498 2764 quam
516 2711 572 2750 ibi
591 2711 791 2750 miseriam
811 2710 892 2749 vidi
908 2710 918 2749 ἔ
948 2710 1032 2750 nati
1051 2710 1134 2760 filii,

28 2775 121 2816 Alia
139 2790 234 2817 cura
251 2791 260 2817 :
289 2777 381 2817 heia
399 2783 545 2827 autem,
567 2778 662 2817 dum
683 2776 832 2824 studeo,
855 2776 933 2816 illis
951 2782 997 2816 ut
1016 2777 1356 2830 quamplurimum

0 2840 226 2897 ffacerem,
248 2843 415 2884 contrivi
433 2844 475 2884 in
497 2843 714 2898 quaerundo
733 2842 857 2882 vitam
876 2848 995 2895 atque
1015 2848 1176 2883 aetatem
1196 2857 1328 2884 meam
1345 2857 1355 2884 :
1441 2846 1491 2887 15

22 2913 27 2916 “
745 2921 774 2948 11
