1670 3080
466 297 648 339 ACTUS
680 299 730 338 V.
789 299 972 340 SCENA
1002 300 1101 340 VII.

269 425 277 460 3
347 402 591 442 AEscnmus.
649 401 819 442 Danu.
879 403 1026 443 Snus.
1087 403 1220 443 Gau.

46 505 134 547 ΖΕΒ.
146 532 162 538 .‚
175 506 376 547 Occidunt
394 520 459 546 me
479 506 653 559 quidem,
675 506 771 546 dum
791 506 910 545 nimis
930 512 1087 546 sanctas
1107 507 1266 560 nuptias

48 568 394 624 Student'facere3
425 575 467 614 in
488 575 718 628 apparando
739 580 980 614 consumunt
999 575 1118 614 diem.

45 643 124 683 Dm.
164 643 273 688 Quid
291 643 432 696 agitur,
455 643 675 683 AEsehine?
748 643 835 682 AES.
877 642 1017 691 Ehem,
1039 647 1153 696 pater
1171 643 1239 692 mi,
1261 647 1305 682 tu
1322 642 1388 683 hic
1410 645 1523 684 eras?

45 710 125 750 Dm.
165 710 276 752 Tuus
293 710 426 750 hercle
446 724 542 750 vero
561 716 602 750 et
620 710 754 750 animo
775 716 815 749 et
834 716 978 750 natura
996 717 1132 764 pater3

44 778 125 823 Qui
143 783 183 817 te
204 783 314 818 amat
331 777 432 831 plus,
455 791 577 831 quam
595 777 715 817 hosce
736 777 870 817 oculos
887 791 895 816 :
926 777 997 817 sed
1017 791 1088 817 cur
1106 791 1188 817 non
1208 777 1374 819 domum
1494 781 1519 819 5

43 845 223 886 Uxorem
243 845 436 886 arcessis?
518 845 604 884 AES.
627 844 753 898 Cupio
771 859 779 883 :
810 857 951 884 verum
970 843 1046 884 hoc
1065 844 1166 884 mihi
1185 844 1362 884 morae’st

44 913 238 961 Tibicina,
260 918 301 952 et
319 912 580 965 hymenaeum
601 912 669 965 qui
689 917 864 951 cantent.
950 912 1030 951 DE.
1073 911 1173 961 Eho,

45 980 140 1020 Vin’
169 987 214 1020 tu
242 980 336 1020 huic
369 981 455 1020 seni
485 980 738 1020 auscultare?
820 980 907 1019 AES.
948 980 1084 1024 Quid?
1169 980 1248 1019 DE.
1284 980 1412 1020 Missa
1433 979 1521 1020 haec

206 1049 306 1097 face,

44 1113 330 1166 Hymenaeum,
352 1114 498 1163 turbas,
519 1113 738 1168 lampadas,
760 1114 966 1154 tibicinas:

42 1181 179 1235 Atque
196 1179 302 1221 hanc
321 1181 364 1221 in
383 1181 499 1221 horto
517 1182 734 1222 maceriam
747 1182 845 1235 jube
867 1182 982 1230 dirui,
1471 1185 1521 1223 10

43 1249 251 1294 Quantum
269 1254 424 1303 potest:
454 1249 530 1290 hac
551 1251 745 1290 transfer:
775 1264 900 1290 unam
918 1251 981 1290 fac
1003 1251 1167 1290 domum
1184 1265 1192 1289 τ

43 1318 224 1359 Traduce
244 1324 284 1358 et
301 1324 472 1374 matrem
492 1325 532 1358 et
549 1319 745 1360 familiam
765 1333 927 1359 omnem
947 1319 999 1359 ad
1018 1333 1104 1359 nos.
1189 1319 1276 1359 AEs.
1318 1319 1464 1369 Placet,

45 1386 162 1426 Pater
180 1386 436 1439 lepidissime.
523 1387 602 1426 DE.
646 1388 771 1440 Euge,
788 1388 875 1440 jam
894 1388 1050 1441 lepidus
1071 1401 1200 1427 vocor.

45 1454 175 1494 Fratri
193 1455 300 1495 aedes
319 1455 419 1494 fient
437 1454 586 1508 perviae
603 1468 612 1494 ε
643 1454 801 1493 turbam
821 1454 985 1493 domum

45 1522 245 1571 Adducet,
267 1529 443 1563 sumtum
464 1522 648 1562 admittet
665 1537 673 1561 ε
703 1522 853 1561 multa:
886 1522 982 1575 quid
1000 1523 1121 1561 mea?
1469 1524 1519 1563 15

45 1590 133 1644 Ego
152 1590 307 1644 lepidus
326 1591 420 1630 ineo
439 1590 610 1643 gratiam
626 1604 634 1628 ε
659 1590 757 1643 jube
773 1603 880 1629 nunc
899 1590 986 1629 'iam

44 1658 286 1698 Dinumeret
305 1658 371 1698 ille
394 1658 550 1711 Babylo
570 1658 713 1710 viginti
732 1658 873 1696 minas.

45 1726 156 1779 Syre,
178 1740 306 1766 cessas
325 1726 382 1766 ire
403 1740 449 1765 ac
469 1726 624 1765 facere?
708 1726 775 1764 ΒΥ.
817 1724 925 1770 Quid
945 1726 1049 1777 ego?
1132 1725 1212 1764 DE.
1253 1725 1391 1765 Dirue.

44 1794 108 1834 Tu
125 1793 213 1834 illas
233 1794 298 1834 abi
317 1800 357 1835 et
376 1795 551 1834 traduce.
639 1794 717 1833 Gn.
758 1793 813 1832 Di
834 1792 916 1841 tibi,
939 1793 1104 1839 Demea,

45 1861 318 1910 Benefaciant,
340 1875 433 1901 cum
453 1866 491 1900 te
512 1861 628 1900 video
646 1866 792 1900 nostrae
811 1859 975 1900 familiae
1467 1862 1521 1901 20

45 1926 147 1967 Tam
167 1941 218 1967 ex
237 1927 372 1967 animo
390 1928 542 1966 factum
562 1927 678 1966 velle.
764 1928 844 1967 DE.
885 1927 1042 1980 Dignos
1062 1927 1240 1967 arbitror.

46 1993 155 2039 Quid
173 1999 217 2033 tu
235 1994 319 2033 ais?
401 1994 487 2033 AES.
529 1994 592 2033 Sic
614 1993 764 2046 opinor.
851 1994 931 2033 DE.
971 1994 1105 2033 Multo
1124 1995 1331 2044 rectius'st,
1394 2044 1397 2047 ι

46 2061 179 2106 Quam
197 2061 309 2101 illam
327 2074 564 2114 puerperam
582 2059 658 2100 hac
678 2074 786 2100 nunc
807 2060 898 2100 duci
918 2075 990 2114 per
1011 2062 1115 2101 viam

46 2127 267 2180 AEgrotam.
352 2127 438 2166 AEs.
478 2126 550 2166 Nil
569 2127 677 2166 enim
697 2127 779 2166 vidi
798 2127 951 2176 melius,
974 2128 1031 2167 mi
1049 2134 1173 2181 pater.

47 2194 127 2235 Da.
167 2194 231 2234 Sic
250 2193 357 2234 soleo
375 2209 383 2234 z
413 2194 485 2234 sed
503 2208 654 2243 eccum,
677 2194 803 2234 Micio
823 2195 1024 2248 egreditur
1042 2196 1158 2235 foras.
1468 2197 1519 2236 25

447 2394 624 2435 ACTUS
656 2395 706 2434 V.
767 2395 948 2435 SCENA
980 2395 1106 2435 VIII.

447 2497 594 2537 M1c10.
653 2497 824 2538 Deum.
881 2498 1125 2538 AEscnmos.

51 2601 128 2644 Mt.
169 2603 194 2642 J
197 2601 292 2641 ubet
308 2601 456 2640 frater?
483 2601 553 2640 ubi
571 2601 604 2640 is
623 2602 709 2640 est?
736 2602 822 2640 tun'
834 2601 952 2654 jubes
970 2602 1059 2645 hoc.
1082 2602 1263 2643 Demea?

50 2669 131 2712 De.
171 2669 258 2723 Ego
277 2683 372 2709 vero
386 2669 519 2723 jubeo,
543 2674 583 2708 et
600 2669 676 2708 hac
695 2683 738 2708 re
758 2675 798 2708 et
816 2668 903 2708 aliis
922 2669 1110 2710 omnibus

53 2735 183 2782 Quam
201 2750 391 2776 maxume
408 2750 532 2778 unam
551 2736 682 2776 facere
702 2749 774 2776 nos
792 2735 898 2775 hanc
916 2736 1123 2785 familiam,

51 2802 201 2862 ²Colere,
223 2804 423 2858 adjuvare,
445 2803 674 2857 adjungere.
758 2804 845 2844 AEs.
886 2804 950 2843 Ita
969 2818 1115 2857 quaeso,
1136 2810 1263 2861 pater,

46 2869 132 2911 ιΜι.
171 2871 297 2913 Haud
314 2871 430 2912 aliter
448 2885 601 2913 censeo.
629 2900 643 2910 .
686 2872 768 2913 Da.
807 2871 939 2911 Immo
957 2871 1090 2912 hercle
1109 2872 1166 2911 ita
1184 2871 1298 2911 nobis
1317 2870 1456 2913 decet:
1494 2871 1518 2911 5
