<?xml version="1.0" encoding="UTF-8"?>
<!DOCTYPE html PUBLIC "-//W3C//DTD XHTML 1.0 Transitional//EN"
    "http://www.w3.org/TR/xhtml1/DTD/xhtml1-transitional.dtd">
<html xmlns="http://www.w3.org/1999/xhtml" xml:lang="en" lang="en">
 <head>
  <title>
</title>
<meta http-equiv="Content-Type" content="text/html;charset=utf-8" />
  <meta name='ocr-system' content='tesseract 3.04.00' />
  <meta name='ocr-capabilities' content='ocr_page ocr_carea ocr_par ocr_line ocrx_word'/>
</head>
<body>
  <div class='ocr_page' id='page_1' title='image "./comoediaesext00tereuoft_0163.png"; bbox 0 0 1670 3080; ppageno 0'>
   <div class='ocr_carea' id='block_1_1' title="bbox 492 138 1514 184">
    <p class='ocr_par' dir='ltr' id='par_1_1' title="bbox 492 138 1514 184">
     <span class='ocr_line' id='line_1_1' title="bbox 492 138 1514 184; baseline 0.003 -4"><span class='ocrx_word' id='word_1_1' title='bbox 492 150 652 181; x_wconf 83' lang='lat' dir='ltr'>ACTUS</span> <span class='ocrx_word' id='word_1_2' title='bbox 688 149 744 180; x_wconf 84' lang='lat'><strong>11.</strong></span> <span class='ocrx_word' id='word_1_3' title='bbox 815 149 979 180; x_wconf 83' lang='lat' dir='ltr'><strong>SCENA</strong></span> <span class='ocrx_word' id='word_1_4' title='bbox 1016 150 1082 181; x_wconf 89' lang='lat' dir='ltr'><strong>1v.</strong></span> <span class='ocrx_word' id='word_1_5' title='bbox 1421 138 1514 184; x_wconf 63' lang='lat'><strong>125</strong></span> 
     </span>
    </p>
   </div>
   <div class='ocr_carea' id='block_1_2' title="bbox 49 236 1516 558">
    <p class='ocr_par' dir='ltr' id='par_1_2' title="bbox 51 236 1167 290">
     <span class='ocr_line' id='line_1_2' title="bbox 51 236 1167 290; baseline -0.001 -13"><span class='ocrx_word' id='word_1_6' title='bbox 51 236 192 278; x_wconf 86' lang='lat' dir='ltr'><strong>Meum</strong></span> <span class='ocrx_word' id='word_1_7' title='bbox 211 237 310 277; x_wconf 85' lang='lat' dir='ltr'><strong>mihi</strong></span> <span class='ocrx_word' id='word_1_8' title='bbox 328 236 525 286; x_wconf 81' lang='lat' dir='ltr'><strong>reddatur,</strong></span> <span class='ocrx_word' id='word_1_9' title='bbox 547 236 687 276; x_wconf 88' lang='lat' dir='ltr'><strong>saltem</strong></span> <span class='ocrx_word' id='word_1_10' title='bbox 707 236 846 290; x_wconf 73' lang='lat' dir='ltr'><strong>quanti</strong></span> <span class='ocrx_word' id='word_1_11' title='bbox 865 237 1033 285; x_wconf 84' lang='lat' dir='ltr'><strong>emta’st,</strong></span> <span class='ocrx_word' id='word_1_12' title='bbox 1057 237 1167 290; x_wconf 86' lang='lat' dir='ltr'><strong>Syre.</strong></span> 
     </span>
    </p>

    <p class='ocr_par' dir='ltr' id='par_1_3' title="bbox 50 302 1067 352">
     <span class='ocr_line' id='line_1_3' title="bbox 50 302 1067 352; baseline -0.001 -10"><span class='ocrx_word' id='word_1_13' title='bbox 50 303 151 352; x_wconf 92' lang='lat' dir='ltr'><strong>Scio,</strong></span> <span class='ocrx_word' id='word_1_14' title='bbox 171 316 253 342; x_wconf 88' lang='lat' dir='ltr'><strong>non</strong></span> <span class='ocrx_word' id='word_1_15' title='bbox 273 308 312 342; x_wconf 89' lang='lat' dir='ltr'><strong>te</strong></span> <span class='ocrx_word' id='word_1_16' title='bbox 331 316 414 342; x_wconf 88' lang='lat' dir='ltr'><strong>esse</strong></span> <span class='ocrx_word' id='word_1_17' title='bbox 433 316 550 342; x_wconf 89' lang='lat' dir='ltr'><strong>usum</strong></span> <span class='ocrx_word' id='word_1_18' title='bbox 570 302 738 342; x_wconf 83' lang='lat' dir='ltr'><strong>antehac</strong></span> <span class='ocrx_word' id='word_1_19' title='bbox 758 302 933 341; x_wconf 85' lang='lat' dir='ltr'><strong>amicitia</strong></span> <span class='ocrx_word' id='word_1_20' title='bbox 951 316 1042 341; x_wconf 88' lang='lat' dir='ltr'><strong>mea</strong></span> <span class='ocrx_word' id='word_1_21' title='bbox 1058 317 1067 341; x_wconf 93' lang='lat'><strong>:</strong></span> 
     </span>
    </p>

    <p class='ocr_par' dir='ltr' id='par_1_4' title="bbox 50 369 1183 423">
     <span class='ocr_line' id='line_1_4' title="bbox 50 369 1183 423; baseline 0.001 -14"><span class='ocrx_word' id='word_1_22' title='bbox 50 370 274 410; x_wconf 85' lang='lat' dir='ltr'><strong>Memorem</strong></span> <span class='ocrx_word' id='word_1_23' title='bbox 293 383 358 410; x_wconf 91' lang='lat' dir='ltr'><strong>me</strong></span> <span class='ocrx_word' id='word_1_24' title='bbox 378 370 485 410; x_wconf 88' lang='lat' dir='ltr'><strong>dices</strong></span> <span class='ocrx_word' id='word_1_25' title='bbox 505 383 589 409; x_wconf 86' lang='lat' dir='ltr'><strong>esse</strong></span> <span class='ocrx_word' id='word_1_26' title='bbox 610 376 650 408; x_wconf 84' lang='lat' dir='ltr'><strong>et</strong></span> <span class='ocrx_word' id='word_1_27' title='bbox 668 376 840 423; x_wconf 83' lang='lat' dir='ltr'><strong>gratum.</strong></span> <span class='ocrx_word' id='word_1_28' title='bbox 928 370 994 409; x_wconf 80' lang='lat' dir='ltr'><strong>SY.</strong></span> <span class='ocrx_word' id='word_1_29' title='bbox 1037 369 1183 410; x_wconf 90' lang='lat' dir='ltr'><strong>Sedulo</strong></span> 
     </span>
    </p>

    <p class='ocr_par' dir='ltr' id='par_1_5' title="bbox 50 436 1030 490">
     <span class='ocr_line' id='line_1_5' title="bbox 50 436 1030 490; baseline 0 -14"><span class='ocrx_word' id='word_1_30' title='bbox 50 436 212 477; x_wconf 83' lang='lat' dir='ltr'><strong>Faciam</strong></span> <span class='ocrx_word' id='word_1_31' title='bbox 228 451 237 476; x_wconf 73' lang='grc' dir='ltr'>ε</span> <span class='ocrx_word' id='word_1_32' title='bbox 271 437 341 477; x_wconf 85' lang='lat' dir='ltr'><strong>sed</strong></span> <span class='ocrx_word' id='word_1_33' title='bbox 361 436 642 490; x_wconf 89' lang='lat' dir='ltr'><strong>Ctesiphonem</strong></span> <span class='ocrx_word' id='word_1_34' title='bbox 661 437 778 476; x_wconf 88' lang='lat' dir='ltr'><strong>video</strong></span> <span class='ocrx_word' id='word_1_35' title='bbox 796 451 804 475; x_wconf 91' lang='lat'>:</span> <span class='ocrx_word' id='word_1_36' title='bbox 834 436 950 476; x_wconf 88' lang='lat' dir='ltr'><strong>laetus</strong></span> <span class='ocrx_word' id='word_1_37' title='bbox 970 442 1030 476; x_wconf 89' lang='lat' dir='ltr'><strong>est</strong></span> 
     </span>
    </p>

    <p class='ocr_par' dir='ltr' id='par_1_6' title="bbox 49 502 1516 558">
     <span class='ocr_line' id='line_1_6' title="bbox 49 502 1516 558; baseline -0.001 -16"><span class='ocrx_word' id='word_1_38' title='bbox 49 502 112 543; x_wconf 92' lang='lat' dir='ltr'><strong>De</strong></span> <span class='ocrx_word' id='word_1_39' title='bbox 131 502 270 544; x_wconf 80' lang='lat' dir='ltr'><strong>amica.</strong></span> <span class='ocrx_word' id='word_1_40' title='bbox 356 503 422 543; x_wconf 72' lang='lat' dir='ltr'><strong>SA.</strong></span> <span class='ocrx_word' id='word_1_41' title='bbox 463 502 571 548; x_wconf 83' lang='lat' dir='ltr'><strong>Quid</strong></span> <span class='ocrx_word' id='word_1_42' title='bbox 590 502 697 556; x_wconf 88' lang='lat' dir='ltr'><strong>quod</strong></span> <span class='ocrx_word' id='word_1_43' title='bbox 715 507 754 542; x_wconf 90' lang='lat' dir='ltr'><strong>te</strong></span> <span class='ocrx_word' id='word_1_44' title='bbox 774 503 873 542; x_wconf 81' lang='lat' dir='ltr'><strong>oro?</strong></span> <span class='ocrx_word' id='word_1_45' title='bbox 957 504 1024 543; x_wconf 68' lang='lat' dir='ltr'><strong>Sv.</strong></span> <span class='ocrx_word' id='word_1_46' title='bbox 1065 502 1271 558; x_wconf 84' lang='lat' dir='ltr'><strong>Paulisper</strong></span> <span class='ocrx_word' id='word_1_47' title='bbox 1289 515 1421 544; x_wconf 88' lang='lat' dir='ltr'><strong>mane.</strong></span> <span class='ocrx_word' id='word_1_48' title='bbox 1465 505 1516 542; x_wconf 87' lang='lat'><strong>45</strong></span> 
     </span>
    </p>
   </div>
   <div class='ocr_carea' id='block_1_3' title="bbox 471 702 1096 742">
    <p class='ocr_par' dir='ltr' id='par_1_7' title="bbox 471 702 1096 742">
     <span class='ocr_line' id='line_1_7' title="bbox 471 702 1096 742; baseline 0 0"><span class='ocrx_word' id='word_1_49' title='bbox 471 702 650 742; x_wconf 90' lang='lat' dir='ltr'><strong>ACTUS</strong></span> <span class='ocrx_word' id='word_1_50' title='bbox 681 702 739 742; x_wconf 94' lang='lat' dir='ltr'><strong>II.</strong></span> <span class='ocrx_word' id='word_1_51' title='bbox 799 702 981 742; x_wconf 88' lang='lat' dir='ltr'><strong>SCENA</strong></span> <span class='ocrx_word' id='word_1_52' title='bbox 1013 702 1096 742; x_wconf 94' lang='grc' dir='ltr'><strong>ΙΙΙ.</strong></span> 
     </span>
    </p>
   </div>
   <div class='ocr_carea' id='block_1_4' title="bbox 574 804 1003 844">
    <p class='ocr_par' dir='ltr' id='par_1_8' title="bbox 574 804 1003 844">
     <span class='ocr_line' id='line_1_8' title="bbox 574 804 1003 844; baseline 0.002 -1"><span class='ocrx_word' id='word_1_53' title='bbox 574 805 795 844; x_wconf 73' lang='grc' dir='ltr'><strong>ΟΤΕειΡΗο.</strong></span> <span class='ocrx_word' id='word_1_54' title='bbox 855 804 1003 844; x_wconf 70' lang='lat' dir='ltr'><strong>Simus.</strong></span> 
     </span>
    </p>
   </div>
   <div class='ocr_carea' id='block_1_5' title="bbox 50 907 1540 2087">
    <p class='ocr_par' dir='ltr' id='par_1_9' title="bbox 50 907 1521 1028">
     <span class='ocr_line' id='line_1_9' title="bbox 50 907 1521 961; baseline 0 -14"><span class='ocrx_word' id='word_1_55' title='bbox 50 908 121 947; x_wconf 72' lang='lat' dir='ltr'><strong>C&#39;r.</strong></span> <span class='ocrx_word' id='word_1_56' title='bbox 171 908 257 947; x_wconf 85' lang='lat' dir='ltr'><strong>Abs</strong></span> <span class='ocrx_word' id='word_1_57' title='bbox 294 907 423 960; x_wconf 85' lang='lat' dir='ltr'><strong>quivis</strong></span> <span class='ocrx_word' id='word_1_58' title='bbox 462 907 637 956; x_wconf 90' lang='lat' dir='ltr'><strong>homine,</strong></span> <span class='ocrx_word' id='word_1_59' title='bbox 682 920 774 946; x_wconf 90' lang='lat' dir='ltr'><strong>cum</strong></span> <span class='ocrx_word' id='word_1_60' title='bbox 812 912 872 946; x_wconf 90' lang='lat' dir='ltr'><strong>est</strong></span> <span class='ocrx_word' id='word_1_61' title='bbox 913 920 1023 960; x_wconf 86' lang='lat' dir='ltr'><strong>opus,</strong></span> <span class='ocrx_word' id='word_1_62' title='bbox 1067 907 1308 947; x_wconf 83' lang='lat' dir='ltr'><strong>beneficium</strong></span> <span class='ocrx_word' id='word_1_63' title='bbox 1342 907 1521 961; x_wconf 86' lang='lat' dir='ltr'><strong>accipere</strong></span> 
     </span>
     <span class='ocr_line' id='line_1_10' title="bbox 212 975 413 1028; baseline 0 -13"><span class='ocrx_word' id='word_1_64' title='bbox 212 975 413 1028; x_wconf 85' lang='lat' dir='ltr'><strong>gaudeas:</strong></span> 
     </span>
    </p>

    <p class='ocr_par' dir='ltr' id='par_1_10' title="bbox 53 1039 1525 1148">
     <span class='ocr_line' id='line_1_11' title="bbox 53 1039 1525 1096; baseline -0.001 -14"><span class='ocrx_word' id='word_1_65' title='bbox 53 1043 204 1082; x_wconf 86' lang='lat' dir='ltr'><strong>Verum</strong></span> <span class='ocrx_word' id='word_1_66' title='bbox 225 1041 429 1082; x_wconf 88' lang='lat' dir='ltr'><strong>enimvero</strong></span> <span class='ocrx_word' id='word_1_67' title='bbox 454 1040 496 1081; x_wconf 88' lang='lat' dir='ltr'><strong>id</strong></span> <span class='ocrx_word' id='word_1_68' title='bbox 521 1040 685 1081; x_wconf 90' lang='lat' dir='ltr'><strong>demum</strong></span> <span class='ocrx_word' id='word_1_69' title='bbox 708 1039 835 1093; x_wconf 89' lang='lat' dir='ltr'><strong>juvat,</strong></span> <span class='ocrx_word' id='word_1_70' title='bbox 863 1039 908 1089; x_wconf 84' lang='lat' dir='ltr'><strong>si,</strong></span> <span class='ocrx_word' id='word_1_71' title='bbox 937 1053 1058 1093; x_wconf 89' lang='lat' dir='ltr'><strong>quem</strong></span> <span class='ocrx_word' id='word_1_72' title='bbox 1086 1040 1296 1096; x_wconf 86' lang='lat' dir='ltr'><strong>aequom&#39;st</strong></span> <span class='ocrx_word' id='word_1_73' title='bbox 1316 1041 1461 1089; x_wconf 87' lang='lat' dir='ltr'><strong>facere,</strong></span> <span class='ocrx_word' id='word_1_74' title='bbox 1490 1042 1525 1080; x_wconf 90' lang='lat' dir='ltr'><strong>is</strong></span> 
     </span>
     <span class='ocr_line' id='line_1_12' title="bbox 213 1108 441 1148; baseline 0 0"><span class='ocrx_word' id='word_1_75' title='bbox 213 1109 316 1148; x_wconf 90' lang='lat' dir='ltr'><strong>bene</strong></span> <span class='ocrx_word' id='word_1_76' title='bbox 334 1108 441 1148; x_wconf 85' lang='lat' dir='ltr'><strong>facit.</strong></span> 
     </span>
    </p>

    <p class='ocr_par' dir='ltr' id='par_1_11' title="bbox 52 1174 1401 1229">
     <span class='ocr_line' id='line_1_13' title="bbox 52 1174 1401 1229; baseline -0.001 -13"><span class='ocrx_word' id='word_1_77' title='bbox 52 1178 91 1216; x_wconf 91' lang='grc' dir='ltr'>Ο</span> <span class='ocrx_word' id='word_1_78' title='bbox 110 1176 243 1226; x_wconf 87' lang='lat' dir='ltr'><strong>frater,</strong></span> <span class='ocrx_word' id='word_1_79' title='bbox 263 1175 410 1216; x_wconf 84' lang='lat' dir='ltr'><strong>frater!</strong></span> <span class='ocrx_word' id='word_1_80' title='bbox 440 1175 537 1229; x_wconf 89' lang='lat' dir='ltr'><strong>quid</strong></span> <span class='ocrx_word' id='word_1_81' title='bbox 555 1189 630 1228; x_wconf 91' lang='lat' dir='ltr'><strong>ego</strong></span> <span class='ocrx_word' id='word_1_82' title='bbox 650 1181 688 1215; x_wconf 87' lang='lat' dir='ltr'><strong>te</strong></span> <span class='ocrx_word' id='word_1_83' title='bbox 707 1188 815 1215; x_wconf 88' lang='lat' dir='ltr'><strong>nunc</strong></span> <span class='ocrx_word' id='word_1_84' title='bbox 834 1174 1026 1215; x_wconf 81' lang='lat' dir='ltr'><strong>laudem?</strong></span> <span class='ocrx_word' id='word_1_85' title='bbox 1053 1175 1146 1215; x_wconf 84' lang='lat' dir='ltr'><strong>satis</strong></span> <span class='ocrx_word' id='word_1_86' title='bbox 1166 1181 1274 1215; x_wconf 88' lang='lat' dir='ltr'><strong>certo</strong></span> <span class='ocrx_word' id='word_1_87' title='bbox 1294 1176 1376 1215; x_wconf 83' lang='lat' dir='ltr'><strong>scio</strong></span> <span class='ocrx_word' id='word_1_88' title='bbox 1392 1190 1401 1226; x_wconf 92' lang='lat'>;</span> 
     </span>
    </p>

    <p class='ocr_par' dir='ltr' id='par_1_12' title="bbox 54 1240 1515 1296">
     <span class='ocr_line' id='line_1_14' title="bbox 54 1240 1515 1296; baseline -0.001 -13"><span class='ocrx_word' id='word_1_89' title='bbox 54 1243 273 1295; x_wconf 87' lang='lat' dir='ltr'><strong>Nunquam</strong></span> <span class='ocrx_word' id='word_1_90' title='bbox 285 1242 341 1282; x_wconf 85' lang='lat' dir='ltr'><strong>ita</strong></span> <span class='ocrx_word' id='word_1_91' title='bbox 355 1240 566 1296; x_wconf 75' lang='lat' dir='ltr'><strong>magnifice</strong></span> <span class='ocrx_word' id='word_1_92' title='bbox 583 1242 797 1295; x_wconf 89' lang='lat' dir='ltr'><strong>quicquam</strong></span> <span class='ocrx_word' id='word_1_93' title='bbox 813 1241 956 1291; x_wconf 87' lang='lat' dir='ltr'><strong>dicam,</strong></span> <span class='ocrx_word' id='word_1_94' title='bbox 970 1241 1013 1281; x_wconf 91' lang='lat' dir='ltr'><strong>id</strong></span> <span class='ocrx_word' id='word_1_95' title='bbox 1024 1241 1148 1282; x_wconf 90' lang='lat' dir='ltr'><strong>virtus</strong></span> <span class='ocrx_word' id='word_1_96' title='bbox 1164 1242 1261 1296; x_wconf 91' lang='lat' dir='ltr'><strong>quin</strong></span> <span class='ocrx_word' id='word_1_97' title='bbox 1275 1248 1434 1296; x_wconf 88' lang='lat' dir='ltr'><strong>superet</strong></span> <span class='ocrx_word' id='word_1_98' title='bbox 1446 1248 1515 1282; x_wconf 89' lang='lat' dir='ltr'><strong>tua</strong></span> 
     </span>
    </p>

    <p class='ocr_par' dir='ltr' id='par_1_13' title="bbox 57 1308 1529 1426">
     <span class='ocr_line' id='line_1_15' title="bbox 57 1308 1529 1364; baseline -0.001 -14"><span class='ocrx_word' id='word_1_99' title='bbox 57 1310 198 1363; x_wconf 84' lang='lat' dir='ltr'><strong>Itaque</strong></span> <span class='ocrx_word' id='word_1_100' title='bbox 235 1323 359 1350; x_wconf 85' lang='lat' dir='ltr'><strong>unam</strong></span> <span class='ocrx_word' id='word_1_101' title='bbox 395 1309 500 1350; x_wconf 88' lang='lat' dir='ltr'><strong>hanc</strong></span> <span class='ocrx_word' id='word_1_102' title='bbox 538 1323 624 1349; x_wconf 90' lang='lat' dir='ltr'><strong>rem</strong></span> <span class='ocrx_word' id='word_1_103' title='bbox 660 1323 726 1349; x_wconf 88' lang='lat' dir='ltr'><strong>me</strong></span> <span class='ocrx_word' id='word_1_104' title='bbox 762 1308 910 1349; x_wconf 86' lang='lat' dir='ltr'><strong>habere</strong></span> <span class='ocrx_word' id='word_1_105' title='bbox 947 1315 1094 1362; x_wconf 76' lang='lat' dir='ltr'><strong>praeter</strong></span> <span class='ocrx_word' id='word_1_106' title='bbox 1140 1309 1238 1350; x_wconf 85' lang='lat' dir='ltr'><strong>alias</strong></span> <span class='ocrx_word' id='word_1_107' title='bbox 1283 1310 1529 1364; x_wconf 71' lang='lat' dir='ltr'><strong>praeeipuam</strong></span> 
     </span>
     <span class='ocr_line' id='line_1_16' title="bbox 218 1376 1528 1426; baseline 0 -10"><span class='ocrx_word' id='word_1_108' title='bbox 218 1376 397 1426; x_wconf 85' lang='lat' dir='ltr'><strong>arbitror,</strong></span> <span class='ocrx_word' id='word_1_109' title='bbox 1505 1380 1528 1416; x_wconf 86' lang='lat'>5</span> 
     </span>
    </p>

    <p class='ocr_par' dir='ltr' id='par_1_14' title="bbox 59 1442 1494 1498">
     <span class='ocr_line' id='line_1_17' title="bbox 59 1442 1494 1498; baseline -0.001 -14"><span class='ocrx_word' id='word_1_110' title='bbox 59 1444 239 1484; x_wconf 83' lang='lat' dir='ltr'><strong>Fratrem</strong></span> <span class='ocrx_word' id='word_1_111' title='bbox 256 1442 411 1482; x_wconf 87' lang='lat' dir='ltr'><strong>homini</strong></span> <span class='ocrx_word' id='word_1_112' title='bbox 429 1442 582 1482; x_wconf 88' lang='lat' dir='ltr'><strong>nemini</strong></span> <span class='ocrx_word' id='word_1_113' title='bbox 602 1456 685 1483; x_wconf 86' lang='lat' dir='ltr'><strong>esse</strong></span> <span class='ocrx_word' id='word_1_114' title='bbox 705 1443 924 1497; x_wconf 89' lang='lat' dir='ltr'><strong>primarum</strong></span> <span class='ocrx_word' id='word_1_115' title='bbox 944 1443 1091 1484; x_wconf 82' lang='lat' dir='ltr'><strong>artium</strong></span> <span class='ocrx_word' id='word_1_116' title='bbox 1111 1444 1240 1497; x_wconf 87' lang='lat' dir='ltr'><strong>magis</strong></span> <span class='ocrx_word' id='word_1_117' title='bbox 1257 1443 1494 1498; x_wconf 83' lang='lat' dir='ltr'><strong>principem.</strong></span> 
     </span>
    </p>

    <p class='ocr_par' dir='ltr' id='par_1_15' title="bbox 57 1509 1530 1628">
     <span class='ocr_line' id='line_1_18' title="bbox 57 1509 1530 1564; baseline 0 -14"><span class='ocrx_word' id='word_1_118' title='bbox 57 1511 127 1550; x_wconf 66' lang='lat' dir='ltr'><strong>Sy,</strong></span> <span class='ocrx_word' id='word_1_119' title='bbox 168 1510 204 1550; x_wconf 96' lang='grc' dir='ltr'>Ο</span> <span class='ocrx_word' id='word_1_120' title='bbox 226 1509 426 1563; x_wconf 85' lang='lat' dir='ltr'><strong>Ctesipho.</strong></span> <span class='ocrx_word' id='word_1_121' title='bbox 500 1509 573 1549; x_wconf 76' lang='lat' dir='ltr'><strong>C&#39;r.</strong></span> <span class='ocrx_word' id='word_1_122' title='bbox 606 1511 642 1549; x_wconf 92' lang='grc' dir='ltr'>Ο</span> <span class='ocrx_word' id='word_1_123' title='bbox 663 1510 772 1563; x_wconf 90' lang='lat' dir='ltr'><strong>Syre,</strong></span> <span class='ocrx_word' id='word_1_124' title='bbox 795 1509 1011 1550; x_wconf 88' lang='lat' dir='ltr'><strong>AEschinus</strong></span> <span class='ocrx_word' id='word_1_125' title='bbox 1028 1511 1098 1551; x_wconf 90' lang='lat' dir='ltr'><strong>ubi</strong></span> <span class='ocrx_word' id='word_1_126' title='bbox 1118 1511 1206 1551; x_wconf 74' lang='lat' dir='ltr'><strong>est?</strong></span> <span class='ocrx_word' id='word_1_127' title='bbox 1281 1511 1348 1551; x_wconf 75' lang='lat' dir='ltr'><strong>SY.</strong></span> <span class='ocrx_word' id='word_1_128' title='bbox 1384 1511 1530 1564; x_wconf 57' lang='lat' dir='ltr'><strong>Ellurn,</strong></span> 
     </span>
     <span class='ocr_line' id='line_1_19' title="bbox 221 1574 959 1628; baseline -0.001 -12"><span class='ocrx_word' id='word_1_129' title='bbox 221 1582 261 1616; x_wconf 86' lang='lat' dir='ltr'><strong>te</strong></span> <span class='ocrx_word' id='word_1_130' title='bbox 281 1580 487 1628; x_wconf 81' lang='lat' dir='ltr'><strong>exspectat</strong></span> <span class='ocrx_word' id='word_1_131' title='bbox 506 1574 626 1615; x_wconf 88' lang='lat' dir='ltr'><strong>domi.</strong></span> <span class='ocrx_word' id='word_1_132' title='bbox 713 1576 783 1615; x_wconf 75' lang='lat' dir='ltr'><strong>C&#39;r.</strong></span> <span class='ocrx_word' id='word_1_133' title='bbox 825 1576 959 1615; x_wconf 89' lang='lat' dir='ltr'><strong>Hem!</strong></span> 
     </span>
    </p>

    <p class='ocr_par' dir='ltr' id='par_1_16' title="bbox 60 1642 1532 1699">
     <span class='ocr_line' id='line_1_20' title="bbox 60 1642 1532 1699; baseline 0 -15"><span class='ocrx_word' id='word_1_134' title='bbox 60 1645 128 1684; x_wconf 71' lang='lat' dir='ltr'><strong>Sr.</strong></span> <span class='ocrx_word' id='word_1_135' title='bbox 168 1642 276 1688; x_wconf 85' lang='lat' dir='ltr'><strong>Quid</strong></span> <span class='ocrx_word' id='word_1_136' title='bbox 304 1643 393 1682; x_wconf 80' lang='lat' dir='ltr'><strong>est?</strong></span> <span class='ocrx_word' id='word_1_137' title='bbox 487 1642 557 1682; x_wconf 80' lang='lat' dir='ltr'><strong>CT.</strong></span> <span class='ocrx_word' id='word_1_138' title='bbox 593 1642 701 1687; x_wconf 83' lang='lat' dir='ltr'><strong>Quid</strong></span> <span class='ocrx_word' id='word_1_139' title='bbox 726 1643 805 1682; x_wconf 80' lang='lat' dir='ltr'><strong>sit?</strong></span> <span class='ocrx_word' id='word_1_140' title='bbox 836 1642 943 1684; x_wconf 88' lang='lat' dir='ltr'><strong>illius</strong></span> <span class='ocrx_word' id='word_1_141' title='bbox 969 1657 1102 1698; x_wconf 65' lang='lat' dir='ltr'><strong>opera,</strong></span> <span class='ocrx_word' id='word_1_142' title='bbox 1135 1645 1246 1699; x_wconf 84' lang='lat' dir='ltr'><strong>Syre,</strong></span> <span class='ocrx_word' id='word_1_143' title='bbox 1276 1657 1387 1686; x_wconf 87' lang='lat' dir='ltr'><strong>nunc</strong></span> <span class='ocrx_word' id='word_1_144' title='bbox 1413 1644 1532 1686; x_wconf 79' lang='lat' dir='ltr'><strong>vivo:</strong></span> 
     </span>
    </p>

    <p class='ocr_par' dir='ltr' id='par_1_17' title="bbox 144 1709 559 1762">
     <span class='ocr_line' id='line_1_21' title="bbox 144 1709 559 1762; baseline -0.002 -13"><span class='ocrx_word' id='word_1_145' title='bbox 144 1756 146 1759; x_wconf 27' lang='lat'>¹</span> <span class='ocrx_word' id='word_1_146' title='bbox 222 1709 407 1749; x_wconf 84' lang='lat' dir='ltr'><strong>festivom</strong></span> <span class='ocrx_word' id='word_1_147' title='bbox 428 1715 559 1762; x_wconf 89' lang='lat' dir='ltr'><strong>caput,</strong></span> 
     </span>
    </p>

    <p class='ocr_par' dir='ltr' id='par_1_18' title="bbox 60 1777 1300 1831">
     <span class='ocr_line' id='line_1_22' title="bbox 60 1777 1300 1831; baseline 0 -13"><span class='ocrx_word' id='word_1_148' title='bbox 60 1779 194 1823; x_wconf 82' lang='lat' dir='ltr'><strong>Quinc</strong></span> <span class='ocrx_word' id='word_1_149' title='bbox 214 1777 351 1818; x_wconf 85' lang='lat' dir='ltr'><strong>omnia</strong></span> <span class='ocrx_word' id='word_1_150' title='bbox 369 1777 443 1817; x_wconf 87' lang='lat' dir='ltr'><strong>sibi</strong></span> <span class='ocrx_word' id='word_1_151' title='bbox 461 1782 552 1831; x_wconf 91' lang='lat' dir='ltr'><strong>post</strong></span> <span class='ocrx_word' id='word_1_152' title='bbox 569 1777 726 1830; x_wconf 81' lang='lat' dir='ltr'><strong>putavit</strong></span> <span class='ocrx_word' id='word_1_153' title='bbox 744 1791 827 1817; x_wconf 90' lang='lat' dir='ltr'><strong>esse</strong></span> <span class='ocrx_word' id='word_1_154' title='bbox 847 1790 932 1831; x_wconf 84' lang='lat' dir='ltr'><strong>prae</strong></span> <span class='ocrx_word' id='word_1_155' title='bbox 951 1791 1042 1818; x_wconf 92' lang='lat' dir='ltr'><strong>meo</strong></span> <span class='ocrx_word' id='word_1_156' title='bbox 1061 1778 1273 1819; x_wconf 88' lang='lat' dir='ltr'><strong>commodo</strong></span> <span class='ocrx_word' id='word_1_157' title='bbox 1291 1793 1300 1818; x_wconf 91' lang='lat'>:</span> 
     </span>
    </p>

    <p class='ocr_par' dir='ltr' id='par_1_19' title="bbox 64 1843 1538 1951">
     <span class='ocr_line' id='line_1_23' title="bbox 64 1843 1536 1898; baseline 0.001 -14"><span class='ocrx_word' id='word_1_158' title='bbox 64 1844 294 1892; x_wconf 83' lang='lat' dir='ltr'><strong>Maledicta,</strong></span> <span class='ocrx_word' id='word_1_159' title='bbox 323 1843 486 1891; x_wconf 89' lang='lat' dir='ltr'><strong>famam,</strong></span> <span class='ocrx_word' id='word_1_160' title='bbox 516 1857 654 1883; x_wconf 89' lang='lat' dir='ltr'><strong>meum</strong></span> <span class='ocrx_word' id='word_1_161' title='bbox 680 1857 869 1893; x_wconf 88' lang='lat' dir='ltr'><strong>amorem,</strong></span> <span class='ocrx_word' id='word_1_162' title='bbox 903 1849 943 1883; x_wconf 93' lang='lat' dir='ltr'><strong>et</strong></span> <span class='ocrx_word' id='word_1_163' title='bbox 971 1850 1182 1898; x_wconf 84' lang='lat' dir='ltr'><strong>peccatum</strong></span> <span class='ocrx_word' id='word_1_164' title='bbox 1215 1845 1258 1885; x_wconf 84' lang='lat' dir='ltr'><strong>in</strong></span> <span class='ocrx_word' id='word_1_165' title='bbox 1292 1858 1377 1886; x_wconf 91' lang='lat' dir='ltr'><strong>sese</strong></span> <span class='ocrx_word' id='word_1_166' title='bbox 1407 1851 1536 1886; x_wconf 78' lang='lat' dir='ltr'><strong>trans-</strong></span> 
     </span>
     <span class='ocr_line' id='line_1_24' title="bbox 226 1910 1538 1951; baseline 0.001 -1"><span class='ocrx_word' id='word_1_167' title='bbox 226 1910 328 1951; x_wconf 87' lang='lat' dir='ltr'><strong>tulit.</strong></span> <span class='ocrx_word' id='word_1_168' title='bbox 1486 1915 1538 1951; x_wconf 89' lang='grc'><strong>10</strong></span> 
     </span>
    </p>

    <p class='ocr_par' dir='ltr' id='par_1_20' title="bbox 65 1977 1540 2087">
     <span class='ocr_line' id='line_1_25' title="bbox 65 1977 1540 2033; baseline 0 -14"><span class='ocrx_word' id='word_1_169' title='bbox 65 1979 136 2019; x_wconf 90' lang='lat' dir='ltr'><strong>Nil</strong></span> <span class='ocrx_word' id='word_1_170' title='bbox 156 1992 275 2033; x_wconf 89' lang='lat' dir='ltr'><strong>supra</strong></span> <span class='ocrx_word' id='word_1_171' title='bbox 293 1983 386 2032; x_wconf 87' lang='lat' dir='ltr'><strong>pote</strong></span> <span class='ocrx_word' id='word_1_172' title='bbox 402 1992 411 2017; x_wconf 90' lang='lat'>:</span> <span class='ocrx_word' id='word_1_173' title='bbox 441 1991 537 2018; x_wconf 90' lang='lat' dir='ltr'><strong>nam</strong></span> <span class='ocrx_word' id='word_1_174' title='bbox 557 1977 654 2031; x_wconf 88' lang='lat' dir='ltr'><strong>quid</strong></span> <span class='ocrx_word' id='word_1_175' title='bbox 671 1977 767 2017; x_wconf 84' lang='lat' dir='ltr'><strong>foris</strong></span> <span class='ocrx_word' id='word_1_176' title='bbox 787 1977 970 2031; x_wconf 79' lang='lat' dir='ltr'><strong>crepuit?</strong></span> <span class='ocrx_word' id='word_1_177' title='bbox 1034 1979 1100 2018; x_wconf 75' lang='lat' dir='ltr'><strong>SY.</strong></span> <span class='ocrx_word' id='word_1_178' title='bbox 1133 1978 1259 2019; x_wconf 86' lang='lat' dir='ltr'><strong>Mane</strong></span> <span class='ocrx_word' id='word_1_179' title='bbox 1278 1991 1398 2019; x_wconf 84' lang='lat' dir='ltr'><strong>mane</strong></span> <span class='ocrx_word' id='word_1_180' title='bbox 1415 1993 1424 2019; x_wconf 74' lang='grc' dir='ltr'><strong><em>ε</em></strong></span> <span class='ocrx_word' id='word_1_181' title='bbox 1454 1978 1540 2032; x_wconf 82' lang='lat' dir='ltr'><strong>ipse</strong></span> 
     </span>
     <span class='ocr_line' id='line_1_26' title="bbox 228 2046 445 2087; baseline -0.009 0"><span class='ocrx_word' id='word_1_182' title='bbox 228 2046 311 2087; x_wconf 85' lang='lat' dir='ltr'><strong>exit</strong></span> <span class='ocrx_word' id='word_1_183' title='bbox 328 2046 445 2086; x_wconf 87' lang='lat' dir='ltr'><strong>foras.</strong></span> 
     </span>
    </p>
   </div>
   <div class='ocr_carea' id='block_1_6' title="bbox 499 2247 1119 2289">
    <p class='ocr_par' dir='ltr' id='par_1_21' title="bbox 499 2247 1119 2289">
     <span class='ocr_line' id='line_1_27' title="bbox 499 2247 1119 2289; baseline 0.002 -1"><span class='ocrx_word' id='word_1_184' title='bbox 499 2247 678 2288; x_wconf 88' lang='lat' dir='ltr'>ACTUS</span> <span class='ocrx_word' id='word_1_185' title='bbox 709 2247 768 2288; x_wconf 91' lang='grc' dir='ltr'><strong>ΙΙ.</strong></span> <span class='ocrx_word' id='word_1_186' title='bbox 828 2247 1011 2288; x_wconf 78' lang='lat' dir='ltr'><strong>SCENA</strong></span> <span class='ocrx_word' id='word_1_187' title='bbox 1044 2248 1119 2289; x_wconf 79' lang='lat' dir='ltr'><strong>lv.</strong></span> 
     </span>
    </p>
   </div>
   <div class='ocr_carea' id='block_1_7' title="bbox 307 2350 1309 2391">
    <p class='ocr_par' dir='ltr' id='par_1_22' title="bbox 307 2350 1309 2391">
     <span class='ocr_line' id='line_1_28' title="bbox 307 2350 1309 2391; baseline 0.001 -1"><span class='ocrx_word' id='word_1_188' title='bbox 307 2351 553 2390; x_wconf 77' lang='lat' dir='ltr'><strong>AEscumus.</strong></span> <span class='ocrx_word' id='word_1_189' title='bbox 613 2350 787 2389; x_wconf 71' lang='lat' dir='ltr'><strong>SAnmo.</strong></span> <span class='ocrx_word' id='word_1_190' title='bbox 876 2350 1100 2390; x_wconf 68' lang='lat' dir='ltr'><strong>Cresmuo.</strong></span> <span class='ocrx_word' id='word_1_191' title='bbox 1160 2351 1309 2391; x_wconf 73' lang='lat' dir='ltr'><strong>erws.</strong></span> 
     </span>
    </p>
   </div>
   <div class='ocr_carea' id='block_1_8' title="bbox 73 2450 1622 2507">
    <p class='ocr_par' dir='ltr' id='par_1_23' title="bbox 73 2450 1622 2507">
     <span class='ocr_line' id='line_1_29' title="bbox 73 2450 1622 2507; baseline -0.005 -12"><span class='ocrx_word' id='word_1_192' title='bbox 73 2455 158 2495; x_wconf 87' lang='lat' dir='ltr'><strong>AEs.</strong></span> <span class='ocrx_word' id='word_1_193' title='bbox 199 2453 278 2493; x_wconf 89' lang='lat' dir='ltr'><strong>Ubi</strong></span> <span class='ocrx_word' id='word_1_194' title='bbox 307 2458 367 2493; x_wconf 86' lang='lat' dir='ltr'><strong>est</strong></span> <span class='ocrx_word' id='word_1_195' title='bbox 393 2451 461 2491; x_wconf 88' lang='lat' dir='ltr'><strong>ille</strong></span> <span class='ocrx_word' id='word_1_196' title='bbox 493 2450 739 2504; x_wconf 81' lang='lat' dir='ltr'><strong>sacrilegus?</strong></span> <span class='ocrx_word' id='word_1_197' title='bbox 823 2450 890 2490; x_wconf 62' lang='lat' dir='ltr'><strong>SA.</strong></span> <span class='ocrx_word' id='word_1_198' title='bbox 914 2453 985 2494; x_wconf 86' lang='lat' dir='ltr'><strong>Me</strong></span> <span class='ocrx_word' id='word_1_199' title='bbox 1031 2453 1199 2504; x_wconf 82' lang='lat' dir='ltr'><strong>quaerit:</strong></span> <span class='ocrx_word' id='word_1_200' title='bbox 1229 2465 1328 2493; x_wconf 89' lang='lat' dir='ltr'><strong>num</strong></span> <span class='ocrx_word' id='word_1_201' title='bbox 1355 2453 1548 2507; x_wconf 77' lang='lat' dir='ltr'><strong>quidnam</strong></span> <span class='ocrx_word' id='word_1_202' title='bbox 1617 2477 1622 2488; x_wconf 86' lang='lat'>.</span> 
     </span>
    </p>
   </div>
   <div class='ocr_carea' id='block_1_9' title="bbox 22 2517 1549 2842">
    <p class='ocr_par' dir='ltr' id='par_1_24' title="bbox 22 2517 1549 2842">
     <span class='ocr_line' id='line_1_30' title="bbox 235 2517 552 2560; baseline -0.013 0"><span class='ocrx_word' id='word_1_203' title='bbox 235 2519 375 2560; x_wconf 73' lang='lat' dir='ltr'><strong>effert?</strong></span> <span class='ocrx_word' id='word_1_204' title='bbox 402 2517 552 2558; x_wconf 85' lang='lat' dir='ltr'><strong>occidi:</strong></span> 
     </span>
     <span class='ocr_line' id='line_1_31' title="bbox 75 2583 1549 2641; baseline -0.001 -13"><span class='ocrx_word' id='word_1_205' title='bbox 75 2587 145 2628; x_wconf 86' lang='lat' dir='ltr'><strong>Nil</strong></span> <span class='ocrx_word' id='word_1_206' title='bbox 165 2587 292 2627; x_wconf 85' lang='lat' dir='ltr'><strong>video.</strong></span> <span class='ocrx_word' id='word_1_207' title='bbox 378 2586 464 2626; x_wconf 89' lang='lat' dir='ltr'><strong>AEs.</strong></span> <span class='ocrx_word' id='word_1_208' title='bbox 500 2583 631 2624; x_wconf 89' lang='lat' dir='ltr'><strong>Ehem</strong></span> <span class='ocrx_word' id='word_1_209' title='bbox 647 2583 657 2622; x_wconf 85' lang='lat'>!</span> <span class='ocrx_word' id='word_1_210' title='bbox 689 2587 911 2636; x_wconf 87' lang='lat' dir='ltr'><strong>opportune</strong></span> <span class='ocrx_word' id='word_1_211' title='bbox 928 2596 937 2621; x_wconf 75' lang='grc' dir='ltr'>ε</span> <span class='ocrx_word' id='word_1_212' title='bbox 970 2587 1010 2623; x_wconf 88' lang='lat' dir='ltr'><strong>te</strong></span> <span class='ocrx_word' id='word_1_213' title='bbox 1027 2587 1161 2637; x_wconf 86' lang='lat' dir='ltr'><strong>ipsum</strong></span> <span class='ocrx_word' id='word_1_214' title='bbox 1181 2599 1318 2640; x_wconf 85' lang='lat' dir='ltr'><strong>quaero</strong></span> <span class='ocrx_word' id='word_1_215' title='bbox 1335 2600 1344 2626; x_wconf 91' lang='lat'><strong>:</strong></span> <span class='ocrx_word' id='word_1_216' title='bbox 1376 2587 1472 2641; x_wconf 87' lang='lat' dir='ltr'><strong>quid</strong></span> <span class='ocrx_word' id='word_1_217' title='bbox 1491 2586 1549 2638; x_wconf 85' lang='lat' dir='ltr'><strong>fit,</strong></span> 
     </span>
     <span class='ocr_line' id='line_1_32' title="bbox 238 2653 455 2707; baseline -0.009 -13"><span class='ocrx_word' id='word_1_218' title='bbox 238 2653 426 2707; x_wconf 84' lang='lat' dir='ltr'><strong>Ctesipho</strong></span> <span class='ocrx_word' id='word_1_219' title='bbox 439 2653 455 2693; x_wconf 74' lang='lat'><em>2</em></span> 
     </span>
     <span class='ocr_line' id='line_1_33' title="bbox 81 2717 1216 2767; baseline -0.004 -5"><span class='ocrx_word' id='word_1_220' title='bbox 81 2721 130 2762; x_wconf 87' lang='lat' dir='ltr'><strong>In</strong></span> <span class='ocrx_word' id='word_1_221' title='bbox 148 2726 234 2762; x_wconf 86' lang='lat' dir='ltr'><strong>tuto</strong></span> <span class='ocrx_word' id='word_1_222' title='bbox 253 2726 313 2760; x_wconf 86' lang='lat' dir='ltr'><strong>est</strong></span> <span class='ocrx_word' id='word_1_223' title='bbox 331 2720 460 2760; x_wconf 89' lang='lat' dir='ltr'><strong>omnis</strong></span> <span class='ocrx_word' id='word_1_224' title='bbox 479 2732 542 2758; x_wconf 90' lang='lat' dir='ltr'><strong>res</strong></span> <span class='ocrx_word' id='word_1_225' title='bbox 558 2732 567 2767; x_wconf 91' lang='lat'>;</span> <span class='ocrx_word' id='word_1_226' title='bbox 599 2717 737 2759; x_wconf 87' lang='lat' dir='ltr'><strong>omitte</strong></span> <span class='ocrx_word' id='word_1_227' title='bbox 757 2730 852 2756; x_wconf 86' lang='lat' dir='ltr'><strong>vero</strong></span> <span class='ocrx_word' id='word_1_228' title='bbox 872 2717 1071 2757; x_wconf 81' lang='lat' dir='ltr'><strong>tn’stitiem</strong></span> <span class='ocrx_word' id='word_1_229' title='bbox 1092 2723 1216 2759; x_wconf 86' lang='lat' dir='ltr'><strong>tuam.</strong></span> 
     </span>
     <span class='ocr_line' id='line_1_34' title="bbox 22 2784 1543 2842; baseline -0.002 -12"><span class='ocrx_word' id='word_1_230' title='bbox 22 2810 29 2816; x_wconf 89' lang='lat'><em>·</em></span> <span class='ocrx_word' id='word_1_231' title='bbox 81 2788 150 2830; x_wconf 73' lang='lat' dir='ltr'><strong>Cr.</strong></span> <span class='ocrx_word' id='word_1_232' title='bbox 171 2788 258 2842; x_wconf 90' lang='lat' dir='ltr'><strong>Ego</strong></span> <span class='ocrx_word' id='word_1_233' title='bbox 275 2787 385 2827; x_wconf 86' lang='lat' dir='ltr'><strong>illam</strong></span> <span class='ocrx_word' id='word_1_234' title='bbox 403 2785 537 2826; x_wconf 85' lang='lat' dir='ltr'><strong>hercle</strong></span> <span class='ocrx_word' id='word_1_235' title='bbox 557 2798 651 2825; x_wconf 87' lang='lat' dir='ltr'><strong>vero</strong></span> <span class='ocrx_word' id='word_1_236' title='bbox 670 2784 821 2834; x_wconf 88' lang='lat' dir='ltr'><strong>omitto,</strong></span> <span class='ocrx_word' id='word_1_237' title='bbox 843 2784 912 2838; x_wconf 90' lang='lat' dir='ltr'><strong>qui</strong></span> <span class='ocrx_word' id='word_1_238' title='bbox 932 2784 1094 2840; x_wconf 88' lang='lat' dir='ltr'><strong>quidem</strong></span> <span class='ocrx_word' id='word_1_239' title='bbox 1114 2791 1153 2826; x_wconf 89' lang='lat' dir='ltr'><strong>te</strong></span> <span class='ocrx_word' id='word_1_240' title='bbox 1171 2785 1343 2827; x_wconf 86' lang='lat' dir='ltr'><strong>habeam</strong></span> <span class='ocrx_word' id='word_1_241' title='bbox 1358 2785 1543 2828; x_wconf 77' lang='lat' dir='ltr'><strong>fratrem:</strong></span> 
     </span>
    </p>
   </div>
   <div class='ocr_carea' id='block_1_10' title="bbox 244 2852 582 2901">
    <p class='ocr_par' dir='ltr' id='par_1_25' title="bbox 244 2852 582 2901">
     <span class='ocr_line' id='line_1_35' title="bbox 244 2852 582 2901; baseline -0.012 -6"><span class='ocrx_word' id='word_1_242' title='bbox 244 2855 281 2895; x_wconf 93' lang='lat' dir='ltr'>O</span> <span class='ocrx_word' id='word_1_243' title='bbox 301 2853 359 2894; x_wconf 90' lang='lat' dir='ltr'><strong>mi</strong></span> <span class='ocrx_word' id='word_1_244' title='bbox 377 2852 582 2901; x_wconf 80' lang='lat' dir='ltr'><strong>AEschine,</strong></span> 
     </span>
    </p>
   </div>
  </div>
 </body>
</html>
