1670 3080
106 131 200 177 142
713 148 950 179 Absarru.

103 231 262 271 Mutare
279 246 288 270 ε
319 245 425 271 nunc
446 245 537 271 cum
559 246 638 271 non
659 247 772 286 queo,
793 234 926 272 animo
945 247 1061 287 aequo
1079 233 1174 273 fero.
1509 237 1562 276 20

100 292 165 335 Ita
184 299 315 338 vita'st
332 299 553 348 hominum,
575 300 686 353 quasi
706 300 738 339 si
756 300 868 339 ludas
888 300 1054 339 tesseris.
1482 289 1485 292 ¹

98 366 140 404 Sl
158 365 267 414 illud,
290 365 396 418 quod
413 380 602 405 maxume
622 380 720 419 opus
739 372 799 405 est
811 366 934 418 jactu,
956 379 1036 405 non
1057 365 1173 410 cadit.

97 429 215 479 Illud,
238 433 344 484 quod
363 432 505 472 cecidit
523 433 634 480 forte,
655 432 697 471 id
716 438 799 471 arte
819 438 863 472 ut
882 433 1065 485 corrigas.

97 499 174 537 DE.
215 499 420 538 corrector
436 500 444 538 !
476 513 620 552 nempe
640 505 709 538 tua
728 506 810 538 arte
830 499 971 552 viginti
989 499 1110 538 minae

96 564 171 603 Pro
191 565 353 618 psaltria
371 566 523 619 periere
540 580 549 604 ε
580 579 682 619 quae,
704 574 897 619 quantum
916 571 1056 618 potest,
1503 570 1553 608 25

94 630 242 683 Aliquo
261 631 483 684 abjicienda
503 637 584 670 est:
614 631 742 670 sinon
762 631 900 684 pretio,
921 631 1069 683 gratiis.

94 696 171 735 Μι.
211 697 354 750 Neque
375 703 444 747 est,
465 710 596 750 neque
615 697 726 736 illam
746 711 840 736 sane
860 698 997 736 studeo
1016 697 1202 737 vendere.

91 762 169 802 Da.
210 763 318 808 Quid
335 762 404 802 illa
422 763 542 816 igitur
559 763 710 802 facias?
780 763 857 802 Μι.
893 762 1015 802 Domi
1035 763 1119 802 erit.
1192 762 1272 803 Da.
1307 762 1385 803 Pro
1404 762 1552 805 Divom

250 829 382 878 fidem,

90 895 284 935 Meretrix
303 902 343 935 et
360 901 487 935 mater
503 895 674 935 familias
692 908 774 935 una
792 896 834 934 in
854 895 999 935 domo?

89 963 165 1003 M1.
206 964 285 1003 Cur
303 965 414 1003 non?
497 964 575 1003 Dr..
611 964 813 1002 Sanumne
833 963 959 1003 credis
978 969 1016 1002 te
1037 963 1151 1002 esse?
1233 963 1311 1004 Μι.
1351 963 1546 1018 Equidem
1595 1018 1623 1029 w

246 1029 413 1068 arbitror
1490 1035 1546 1073 30

85 1094 163 1134 De.
204 1095 268 1134 Ita
285 1109 350 1134 me
370 1095 425 1134 Di
444 1101 590 1143 ament,
611 1100 657 1134 ut
675 1095 791 1134 video
811 1100 920 1134 tuam
941 1108 1015 1148 ego
1034 1095 1249 1149 ineptiam;

85 1161 298 1201 Facturum
318 1162 446 1210 credo,
467 1168 512 1201 ut
529 1162 686 1210 habeas,
708 1162 869 1215 quicum
889 1163 1066 1202 cantites.

83 1228 161 1267 M1.
220 1229 300 1268 Cur
335 1229 443 1268 non?
534 1229 612 1267 Da.
663 1228 715 1268 Et
751 1242 856 1267 nova
902 1234 1027 1281 nupta
1073 1229 1212 1269 eadem
1257 1228 1345 1269 haec
1391 1229 1516 1271 discet

245 1295 321 1334 Μι.
362 1295 530 1334 Scilicet.

82 1361 159 1400 Da.
200 1361 261 1401 Tu
279 1361 383 1400 inter
402 1375 468 1400 eas
486 1361 622 1400 restim
642 1360 809 1400 ductans
828 1361 1000 1401 saltabis.
1087 1362 1164 1402 M1.
1205 1362 1343 1403 Probe.

82 1428 135 1466 Et
153 1433 235 1467 tute
255 1428 461 1467 nobiscum
479 1441 572 1477 una,
593 1428 626 1467 si
645 1441 743 1480 opus
762 1427 823 1467 sit.
909 1428 988 1468 DE.
1029 1428 1111 1468 Hei
1129 1428 1254 1468 mihi!

82 1493 176 1532 Non
199 1500 235 1532 te
254 1492 341 1533 haec
360 1494 541 1547 pudent?
624 1493 702 1533 M1.
742 1493 767 1532 J
771 1507 835 1532 am
857 1507 949 1533 vero
969 1494 1118 1543 omitte,
1141 1495 1178 1534 Ο
1197 1494 1363 1544 Demea,

79 1559 207 1598 Tuam
227 1559 354 1598 istanc
374 1559 621 1599 iracundiam
637 1573 646 1598 :
677 1566 796 1613 atque
815 1559 882 1608 ita,
902 1560 962 1599 uti
981 1560 1107 1607 decet,

80 1626 266 1665 Hilarum
286 1640 331 1665 ac
350 1626 554 1666 lubentem
572 1626 635 1666 fac
656 1631 694 1665 te
714 1626 827 1679 gnati
846 1626 888 1666 in
908 1626 1070 1679 nuptiis.

80 1692 164 1744 Ego
183 1692 255 1732 hos
274 1693 529 1732 conveniam:
559 1698 650 1746 post
665 1692 744 1732 huc
762 1693 893 1733 redeo.
978 1693 1056 1733 Dn.
1098 1694 1134 1734 Ο
1155 1693 1323 1747 Jupiter,

79 1759 289 1798 Hanccine
308 1759 433 1799 vitam
450 1760 458 1798 !
488 1759 650 1799 hoscine
669 1760 821 1799 mores!
851 1759 954 1800 hanc
975 1760 1241 1801 dementiam!
1468 1754 1529 1800 ‘40

77 1825 188 1864 Uxor
207 1826 290 1865 sine
311 1826 402 1865 dote
422 1826 579 1865 veniet:
609 1827 716 1865 intus
734 1825 895 1879 psaltria
913 1832 996 1865 est:

76 1891 230 1930 Domus
249 1898 473 1931 sumtuosa:
504 1892 735 1931 adulescens
754 1892 854 1932 luxu
870 1893 1047 1947 perditus
1063 1907 1072 1932 :

76 1958 207 1996 Senex
227 1957 398 1996 delirans
415 1972 424 1996 :
454 1958 539 2010 ipsa
558 1958 590 1997 si
610 1958 744 2011 cupiat
763 1958 886 2006 Salus,

76 2024 239 2063 Servare
259 2037 418 2076 prorsus
438 2037 518 2063 non
537 2029 666 2077 potest
683 2023 787 2063 hanc
806 2023 1011 2063 familiam.

521 2223 696 2264 ACTUS
726 2223 776 2262 V.
835 2222 1016 2263 SCENA
1046 2222 1081 2262 Ι.

620 2326 766 2364 ὃπως.
822 2324 990 2364 Duum.

75 2431 141 2468 Sr.
182 2428 345 2481 Edepol,
368 2429 531 2481 Syrisce,
553 2432 591 2465 te
611 2425 756 2465 curasti
772 2424 954 2473 molliter,

75 2496 280 2549 Lauteque
300 2509 446 2535 munus
466 2492 745 2534 administrasti
763 2497 899 2530 tuum:

0 2588 3 2590 -
74 2563 154 2602 Abi
170 2577 178 2602 :
210 2563 279 2602 sed
297 2568 505 2615 postquam
524 2561 630 2599 intus
649 2572 736 2598 sum
756 2558 934 2597 omnium
953 2571 1086 2597 rerum
1105 2563 1225 2607 satur,

74 2629 403 2669 Prodeambulare
422 2629 500 2667 huc
519 2628 674 2666 libitum
695 2631 763 2664 est.
848 2625 927 2664 DE.
969 2625 1069 2669 Illuc
1089 2625 1140 2664 sis
1159 2625 1270 2674 vide;

74 2696 312 2748 Exemplum
332 2694 561 2747 disciplinae.
648 2693 713 2730 Sy.
756 2691 855 2729 Ecce
877 2695 1010 2729 autem
1028 2690 1094 2729 hic
1112 2689 1224 2729 adest
1499 2690 1523 2727 5

74 2764 204 2802 Senex
222 2767 377 2800 noster:
409 2760 503 2812 quid
522 2759 595 2798 fit?
623 2757 717 2810 quid
736 2763 779 2794 tu
798 2770 838 2794 es
855 2756 1003 2794 tristis?
1084 2756 1163 2795 Da.
1202 2754 1279 2804 Oh,
1300 2753 1451 2794 scelus!

73 2829 140 2867 Sr.
181 2827 280 2875 Ohe,
295 2826 382 2879 jam
399 2840 407 2864 ε
440 2832 481 2864 tu
501 2825 621 2864 verba
639 2822 771 2862 fundis
790 2821 854 2860 hic
875 2822 1096 2875 sapientia?
