1670 3080
676 501 1082 553 ADELPHI.

541 755 753 796 ACTUS
792 755 825 794 I.
893 752 1103 793 SCENA
1140 750 1174 791 Ι.

788 859 936 899 Μιειο.

122 966 264 1005 Storax
278 964 440 1004 !-Non
459 962 576 1002 rediit
593 961 668 1000 hac
688 966 804 1000 nocte
825 973 849 999 a
868 973 984 999 coena
1004 958 1245 999 AEschinus:

122 1030 264 1084 Neque
284 1029 527 1070 servolorum
548 1027 769 1081 quisquam,
792 1026 860 1078 qui
880 1025 1092 1065 advorsum
1111 1025 1252 1065 ierant.

120 1097 303 1137 Profecto
321 1096 397 1135 hoc
417 1109 508 1134 vere
529 1094 667 1134 dicunt
683 1108 691 1132 :
722 1093 755 1132 si
775 1093 878 1132 absis
896 1092 1065 1146 uspiam,

120 1164 205 1203 Aut
222 1163 291 1203 ubi
310 1163 343 1202 si
362 1175 489 1202 cesses
506 1175 514 1210 ;
547 1160 705 1200 evenire
727 1173 774 1198 ea
793 1158 914 1198 satius
934 1164 1004 1207 est,

119 1230 222 1275 Quae
241 1230 283 1269 in
302 1236 340 1268 te
360 1242 461 1268 uxor
481 1227 576 1267 dicit
596 1232 635 1266 et
654 1240 744 1279 quae
764 1225 807 1264 in
827 1225 961 1264 animo
981 1224 1130 1278 cogitat
1565 1223 1590 1263 5
1606 1256 1608 1259 ,

119 1298 240 1346 Irata,
263 1310 383 1350 quam
402 1296 481 1344 illa,
505 1309 594 1348 quae
613 1299 798 1347 parentes
818 1292 990 1345 propitii.

118 1364 241 1412 Uxor,
263 1363 295 1402 si
315 1376 454 1410 cesseS,
476 1367 545 1401 aut
563 1366 601 1399 te
623 1373 756 1399 amare
777 1358 936 1411 cogitat,

86 1456 88 1458 -
119 1431 205 1470 Aut
223 1435 302 1469 tete
323 1429 459 1477 amari,
481 1433 550 1467 aut
567 1432 704 1480 potare
725 1431 844 1478 atque
866 1424 1000 1463 animo
1020 1422 1195 1477 obsequi,

119 1497 172 1536 Et
191 1497 262 1536 tibi
280 1497 383 1537 bene
404 1509 487 1535 esse
509 1495 592 1543 soli,
610 1494 685 1533 sibi
704 1507 796 1533 cum
816 1493 867 1532 sit
886 1491 1003 1531 male.

118 1565 217 1618 Ego,
242 1564 335 1618 quia
354 1577 435 1603 non
455 1562 573 1602 rediit
591 1561 707 1610 filius,
730 1574 820 1614 quae
841 1559 1002 1612 cogito?
1541 1558 1590 1596 10

117 1630 271 1675 Quibus
290 1643 398 1669 nunc
418 1628 591 1668 solicitor
609 1627 753 1667 rebus?
781 1639 832 1665 ne
853 1631 921 1664 aut
939 1624 1006 1664 ine
1025 1623 1170 1673 alserit,

116 1698 202 1736 Aut
219 1696 375 1749 uspiam
394 1694 591 1743 ceciderit,
613 1699 683 1732 aut
700 1691 951 1746 praefregerit

116 1763 306 1817 Aliquid:
337 1762 416 1802 vah
433 1763 441 1801 !
474 1774 755 1815 quenquamne
775 1759 983 1799 hominem
1002 1757 1046 1798 in
1065 1758 1201 1798 animo
1219 1757 1439 1806 instituere,
1459 1763 1528 1796 aut

118 1830 275 1878 Parare,
297 1829 404 1882 quod
423 1828 472 1867 sit
492 1827 631 1876 carius,
655 1840 776 1879 quam
794 1826 879 1879 ipse
901 1831 960 1865 est
978 1825 1082 1864 sibi?

117 1897 252 1948 Atque
272 1909 322 1934 ex
340 1908 405 1933 me
425 1894 489 1933 hic
509 1899 626 1932 natus
646 1906 728 1931 non
747 1897 818 1940 est,
841 1892 911 1931 sed
930 1905 982 1931 ex
1000 1891 1121 1931 fratre
1139 1905 1148 1930 :
1177 1890 1211 1930 is
1229 1890 1330 1930 adeo
1448 1924 1456 1932 .
1538 1890 1586 1930 15

117 1962 332 2002 Dissimilis
350 1961 480 2001 studio
501 1966 559 2000 est
576 1974 584 1999 :
610 1959 697 2012 jam
717 1959 809 1998 inde
829 1959 879 1998 ab
899 1958 1168 1998 adulescentia

116 2030 203 2083 Ego
222 2029 327 2068 hanc
347 2028 585 2068 clementem
606 2027 730 2065 vitam
748 2026 956 2073 urbanam,
978 2030 1096 2077 atque
1116 2024 1243 2064 otium

117 2097 283 2136 Secutus
304 2109 414 2135 sum:
445 2101 496 2143 et,
519 2094 625 2146 quod
643 2093 890 2132 fortunatum
909 2092 975 2131 isti
994 2097 1148 2145 putant,

118 2162 293 2203 Uxorem
312 2176 520 2216 nunquam
538 2160 661 2200 habui
677 2174 686 2199 ε
716 2159 795 2208 ille,
817 2165 956 2199 contra
974 2159 1061 2199 haec
1082 2159 1229 2208 omnia,

114 2231 215 2271 Ruri
234 2244 351 2283 agere
371 2230 496 2269 vitam
513 2243 521 2268 :
552 2241 708 2281 semper
725 2241 843 2281 parce
863 2240 909 2266 ac
929 2226 1081 2266 duriter
1532 2229 1585 2267 20

115 2300 166 2338 Se
185 2298 355 2338 habere:
386 2310 554 2337 uxorem
573 2295 710 2335 duxit:
740 2294 825 2333 nati
844 2293 915 2333 filii

115 2365 208 2404 Duo
225 2379 234 2403 τ
263 2364 356 2404 inde
377 2377 451 2415 ego
469 2362 577 2402 hunc
595 2361 787 2414 majorem
807 2360 993 2413 adoptavi
1011 2360 1111 2400 mihi
1128 2375 1136 2399 :

116 2431 249 2472 Eduxi
268 2445 292 2470 a
311 2430 485 2484 parvolo,
506 2429 640 2478 habui,
662 2428 793 2468 amavi
812 2441 884 2481 pro
904 2442 994 2467 meo
1011 2442 1019 2467 :

116 2498 166 2537 In
187 2512 233 2537 eo
252 2511 317 2536 me
338 2497 490 2536 oblecto
507 2511 515 2535 ε
546 2495 674 2535 solum
691 2495 733 2534 id
752 2500 811 2533 est
829 2508 966 2534 carum
986 2494 1096 2534 mihi.

98 2561 191 2603 ‘Ille
210 2568 255 2602 ut
273 2563 369 2602 item
390 2568 526 2602 contra
546 2575 609 2600 me
628 2561 782 2608 habeat,
804 2560 906 2600 facio
926 2560 1085 2600 sedulo:
1526 2562 1578 2600 25

115 2630 192 2678 Do,
213 2630 497 2683 praetermitto:
527 2642 607 2668 non
627 2641 787 2667 necesse
806 2627 944 2675 habeo,
967 2627 1102 2666 omnia

117 2697 194 2737 Pro
213 2711 304 2737 meo
317 2697 407 2750 jure
428 2710 545 2749 agere
563 2711 572 2735 ε
602 2700 812 2748 postremo,
834 2694 902 2733 alii
922 2694 1149 2734 clanculum

116 2764 253 2803 Patres
273 2777 368 2817 quaev
382 2763 543 2810 faciunt,
566 2775 655 2814 quae
673 2760 749 2799 fert
769 2760 1047 2808 adulescentia,

117 2830 178 2870 Ea
195 2842 247 2869 ne
264 2842 330 2869 me
350 2828 462 2877 celet,
484 2826 705 2867 consuefeci
723 2826 862 2866 filium.

1656 2998 1670 3080 ἰωὴ-,πῖ
1658 2942 1670 2979 ;,.·..π
1656 2884 1670 2925 0»st
1664 2798 1670 2845 12*
1660 2742 1670 2780 ,ην
1666 2610 1670 2614 .
1664 2579 1667 2581 ›
