1670 3080
102 111 200 158 9:04
728 131 971 165 mommo.

103 209 244 263 Neque
264 211 472 251 defetiscar
489 225 614 265 usque
635 214 734 253 adeo
753 216 979 268 experirier‚

101 275 240 316 Donec
260 277 331 317 tibi
349 278 401 327 id,
425 279 531 332 quod
548 279 746 333 pollicitus
765 295 865 331 sum,
887 282 1065 322 effecero.

525 479 702 519 AcTUs
734 468 807 520 1v'.
867 482 1046 521 SCENA
1078 482 1136 521 11.

764 582 896 621 GE'rA.

94 680 181 732 Ego
199 680 404 720 hominem
424 680 667 721 callidiorem
686 682 768 722 vidi
787 683 1003 732 neminem,

93 749 224 792 Quam
246 749 527 788 Phormionem
546 764 555 788 ε
586 750 701 788 venio
722 750 773 789 ad
791 750 1009 798 hominem,
1031 756 1075 790 ut
1094 751 1283 801 dicerem,

92 815 317 867 Argentum
338 829 436 868 opus
457 830 551 864 esse,
575 822 615 855 et
632 816 674 855 id
693 830 771 870 quo
790 823 906 870 pacto
926 817 1052 856 fieret.

93 881 173 920 Vix
191 883 286 921 dum
307 882 517 922 dimidium
537 883 727 932 dixeram,
749 883 1026 933 intellexerat;

91 947 326 987 Gaudebat:
356 962 421 987 me
441 948 654 988 laudabat:
685 950 889 1002 quaerebat
908 964 1070 989 senem:
1528 953 1554 992 5

90 1013 163 1052 Dis
182 1014 329 1066 gratias
349 1016 503 1067 agebat,
526 1020 682 1068 tempus
701 1016 775 1055 sibi
794 1016 892 1065 dari,

82 1079 167 1118 Ubi
188 1079 388 1119 Phaedria'i
408 1082 634 1120 ostenderet
652 1081 779 1121 nihilo
798 1082 931 1122 minus

87 1145 276 1184 Amicum
296 1159 337 1184 se
358 1159 454 1194 esse,
477 1160 598 1199 quam
619 1146 867 1200 Antiphoni:
897 1147 1104 1188 hominem
1122 1149 1174 1188 ad
1192 1148 1324 1189 forum

86 1210 111 1248 J
115 1211 196 1250 ussi
216 1211 407 1264 opperiri:
439 1226 485 1251 eo
504 1225 569 1250 me
590 1226 674 1251 esse
694 1213 958 1253 adducturum
978 1227 1128 1254 senem.

87 1276 164 1315 Sed
183 1289 323 1316 eccum
343 1278 498 1330 ipsum:
530 1279 598 1331 qui
619 1284 678 1318 est
695 1279 859 1318 ulterior
876 1280 892 1318 ’.Ρ
920 1285 1020 1319 attat
1040 1279 1238 1320 Phaedriae
1505 1285 1555 1321 10

9 1336 19 1345 ’
88 1341 206 1380 Pater
225 1343 336 1381 venit
353 1357 361 1382 :
393 1343 462 1383 sed
483 1344 578 1397 quid
597 1345 785 1397 pertimui
805 1351 940 1384 autem
959 1344 1122 1384 bellua?

84 1410 151 1447 An
172 1410 276 1461 quia,
300 1423 398 1462 quos
417 1411 567 1458 fallam,
589 1425 660 1464 pro
679 1425 760 1451 uno
781 1412 859 1451 duo
879 1417 971 1451 sunt
989 1411 1090 1451 mihi
1109 1412 1219 1452 dati?

85 1474 340 1514 Commodius
360 1489 443 1514 esse
465 1476 606 1528 opinor
625 1477 773 1530 duplici
794 1491 862 1529 spe
881 1478 996 1516 utier.

84 1541 222 1580 Petam
241 1541 347 1590 hinc,
369 1543 475 1581 unde
496 1557 520 1581 a
538 1543 667 1596 primo
686 1543 841 1582 institui
860 1558 869 1582 ε
899 1544 932 1583 is
952 1544 984 1583 si
1003 1544 1083 1593 dat,
1105 1550 1166 1585 sat
1185 1550 1266 1585 est:

83 1608 123 1646 Si
144 1608 194 1647 ab
215 1622 262 1647 eo
283 1608 339 1648 nil
360 1609 439 1658 fiet,
462 1615 547 1649 tum
567 1610 673 1650 hunc
695 1610 850 1650 adoriar
868 1610 1079 1664 hospitem.
1501 1617 1551 1654 15

492 1810 668 1849 ACTUS
700 1810 799 1850 IV(
835 1811 1015 1851 SCENA
1046 1812 1131 1852 ΙΙΙ.

337 1912 547 1950 ANT1P110.
608 1913 739 1950 Gau.
799 1912 1014 1951 CHREMES.
1073 1913 1288 1955 Damnum,

79 2012 158 2051 AN.
200 2013 410 2066 Exspecto,
433 2026 553 2066 quam
573 2026 670 2051 mox
687 2013 853 2065 recipiat
872 2027 955 2053 sese
978 2015 1095 2053 Geta.

77 2077 154 2116 Sed
173 2083 360 2130 patruum
381 2078 497 2116 video
518 2091 609 2116 cum
628 2083 743 2129 patre
762 2084 972 2118 astantem.
1032 2079 1114 2117 Hei
1133 2079 1245 2129 mihi,

76 2144 208 2187 Quam
227 2145 359 2193 timeo,
382 2144 575 2183 adventus
594 2143 712 2196 hujus
732 2157 810 2195 quo
828 2144 1008 2196 impellat
1026 2146 1203 2197 patrem!

77 2210 154 2248 Gn.
196 2209 351 2249 Adibo:
384 2210 420 2248 O
441 2209 559 2256 salve,
581 2214 716 2247 noster
737 2208 917 2248 Chreme.
1004 2210 1079 2249 CH.
1120 2210 1248 2260 Salve,
1271 2213 1387 2253 Geta.

76 2277 153 2315 Gn.
185 2276 333 2314 Venire
355 2275 503 2314 salvom
525 2274 734 2328 volupe’st.
795 2275 870 2314 Cn.
903 2276 1042 2315 Credo.
1103 2278 1181 2316 Gn.
1203 2278 1312 2323 Quid
1330 2280 1489 2332 agitur?
1516 2284 1542 2321 5

75 2342 149 2380 Cu.
191 2341 323 2380 Multa
343 2342 583 2391 advenienti,
604 2349 650 2381 ut
669 2342 724 2389 fit,
747 2355 851 2381 nova
868 2341 934 2381 hic
954 2342 1184 2396 compluria.

75 2408 151 2447 Gn.
194 2408 280 2447 Ita:
311 2409 360 2447 de
382 2408 615 2462 Antiphone
636 2408 822 2448 audistin’
843 2422 932 2460 quae
951 2409 1088 2449 facta?
1172 2410 1248 2451 Cn.
1288 2413 1448 2454 Omnia.

74 2475 150 2512 Gr..
191 2474 294 2512 Tun’
314 2474 470 2512 dixeras
489 2474 612 2513 huic?
639 2474 792 2513 facinus
812 2474 1035 2527 indignum,
1059 2475 1241 2526 Chreme,

73 2540 136 2579 Sic
157 2540 386 2578 circumiri?
469 2541 548 2579 Dn.
590 2540 639 2579 Id
659 2554 750 2580 cum
770 2540 845 2579 hoc
865 2542 1033 2593 agebam
1054 2544 1321 2595 coanodum.
1385 2545 1494 2575 ΜΩ

72 2608 150 2646 Gn.
173 2606 279 2645 Nam
299 2606 431 2646 hercle
451 2620 526 2659 ego
545 2620 703 2659 quoque
723 2607 764 2646 id
783 2607 943 2659 quidem
963 2609 1118 2660 agitans
1135 2623 1297 2650 mecum
1315 2611 1464 2662 sedulo,
1490 2616 1540 2654 10

72 2674 228 2722 Inveni,
251 2674 402 2725 opinor,
424 2674 646 2714 remedium
665 2674 758 2713 huic
778 2675 847 2712 rei.
933 2675 1008 2714 Cn.
1049 2676 1167 2725 Quid,
1190 2677 1324 2718 Geta?

71 2740 150 2779 Da.
191 2739 308 2784 Quod
327 2739 580 2778 remedium?
664 2740 741 2779 Gn.
781 2740 837 2778 Ut
856 2740 934 2780 abii
955 2741 1024 2780 abs
1041 2745 1095 2790 te,
1116 2741 1162 2781 fit
1177 2742 1279 2783 forte
1296 2735 1454 2785 obviam

73 2805 178 2845 Mihi
191 2805 391 2846 Phormio.
437 2806 512 2845 Cn.
536 2806 615 2850 Qui
628 2806 842 2845 Phormio?
885 2808 962 2846 GE.
987 2808 1039 2856 Is,
1051 2809 1118 2861 qui
1131 2808 1303 2850 istam—
1335 2811 1412 2851 Cn.
1433 2812 1536 2854 Scio.

1633 2006 1639 2012 ⁴
1634 1896 1646 1908 ἢ

1663 2390 1670 2418 -..a
1658 2339 1670 2366 ’,η’
1659 1981 1670 2330 f-.**m—u·.-—ma..ae:—-..r2;2..v
1668 1950 1670 1955 .
1668 1935 1670 1939 .
1664 1896 1670 1922 Α.
