<?xml version="1.0" encoding="UTF-8"?>
<!DOCTYPE html PUBLIC "-//W3C//DTD XHTML 1.0 Transitional//EN"
    "http://www.w3.org/TR/xhtml1/DTD/xhtml1-transitional.dtd">
<html xmlns="http://www.w3.org/1999/xhtml" xml:lang="en" lang="en">
 <head>
  <title>
</title>
<meta http-equiv="Content-Type" content="text/html;charset=utf-8" />
  <meta name='ocr-system' content='tesseract 3.04.00' />
  <meta name='ocr-capabilities' content='ocr_page ocr_carea ocr_par ocr_line ocrx_word'/>
</head>
<body>
  <div class='ocr_page' id='page_1' title='image "./comoediaesext00tereuoft_0176.png"; bbox 0 0 1670 3080; ppageno 0'>
   <div class='ocr_carea' id='block_1_1' title="bbox 133 130 973 178">
    <p class='ocr_par' dir='ltr' id='par_1_1' title="bbox 133 130 973 178">
     <span class='ocr_line' id='line_1_1' title="bbox 133 130 973 178; baseline 0.002 -2"><span class='ocrx_word' id='word_1_1' title='bbox 133 132 155 176; x_wconf 84' lang='lat'>1</span> <span class='ocrx_word' id='word_1_2' title='bbox 164 130 227 178; x_wconf 79' lang='lat'>38</span> <span class='ocrx_word' id='word_1_3' title='bbox 731 147 973 178; x_wconf 84' lang='lat' dir='ltr'>ADELPHI.</span> 
     </span>
    </p>
   </div>
   <div class='ocr_carea' id='block_1_2' title="bbox 122 230 1588 484">
    <p class='ocr_par' dir='ltr' id='par_1_2' title="bbox 123 230 1302 285">
     <span class='ocr_line' id='line_1_2' title="bbox 123 230 1302 285; baseline 0 -16"><span class='ocrx_word' id='word_1_4' title='bbox 123 230 240 270; x_wconf 87' lang='lat' dir='ltr'>Vah!</span> <span class='ocrx_word' id='word_1_5' title='bbox 271 231 468 284; x_wconf 89' lang='lat' dir='ltr'>quomodo</span> <span class='ocrx_word' id='word_1_6' title='bbox 486 231 562 271; x_wconf 89' lang='lat' dir='ltr'>hac</span> <span class='ocrx_word' id='word_1_7' title='bbox 581 245 646 271; x_wconf 88' lang='lat' dir='ltr'>me</span> <span class='ocrx_word' id='word_1_8' title='bbox 666 232 876 285; x_wconf 79' lang='lat' dir='ltr'><strong>expediam</strong></span> <span class='ocrx_word' id='word_1_9' title='bbox 896 231 1038 270; x_wconf 82' lang='lat' dir='ltr'>turba?</span> <span class='ocrx_word' id='word_1_10' title='bbox 1066 236 1177 270; x_wconf 86' lang='lat' dir='ltr'>tanta</span> <span class='ocrx_word' id='word_1_11' title='bbox 1195 243 1302 269; x_wconf 85' lang='lat' dir='ltr'>nunc</span> 
     </span>
    </p>

    <p class='ocr_par' dir='ltr' id='par_1_3' title="bbox 124 297 640 350">
     <span class='ocr_line' id='line_1_3' title="bbox 124 297 640 350; baseline 0.004 -15"><span class='ocrx_word' id='word_1_12' title='bbox 124 297 303 350; x_wconf 89' lang='lat' dir='ltr'>Suspicio</span> <span class='ocrx_word' id='word_1_13' title='bbox 324 299 373 337; x_wconf 89' lang='lat' dir='ltr'>de</span> <span class='ocrx_word' id='word_1_14' title='bbox 393 312 457 337; x_wconf 91' lang='lat' dir='ltr'>me</span> <span class='ocrx_word' id='word_1_15' title='bbox 477 299 640 338; x_wconf 84' lang='lat' dir='ltr'>incidit:</span> 
     </span>
    </p>

    <p class='ocr_par' dir='ltr' id='par_1_4' title="bbox 122 363 778 416">
     <span class='ocr_line' id='line_1_4' title="bbox 122 363 778 416; baseline 0.005 -15"><span class='ocrx_word' id='word_1_16' title='bbox 122 363 264 416; x_wconf 90' lang='lat' dir='ltr'>Neque</span> <span class='ocrx_word' id='word_1_17' title='bbox 285 377 332 402; x_wconf 90' lang='lat' dir='ltr'>ea</span> <span class='ocrx_word' id='word_1_18' title='bbox 350 364 572 404; x_wconf 88' lang='lat' dir='ltr'>immerito:</span> <span class='ocrx_word' id='word_1_19' title='bbox 606 365 778 404; x_wconf 82' lang='lat' dir='ltr'><strong>Sostrata</strong></span> 
     </span>
    </p>

    <p class='ocr_par' dir='ltr' id='par_1_5' title="bbox 123 429 1588 484">
     <span class='ocr_line' id='line_1_5' title="bbox 123 429 1588 484; baseline 0.002 -17"><span class='ocrx_word' id='word_1_20' title='bbox 123 429 266 479; x_wconf 83' lang='lat' dir='ltr'>Credit,</span> <span class='ocrx_word' id='word_1_21' title='bbox 302 430 402 469; x_wconf 91' lang='lat' dir='ltr'>mihi</span> <span class='ocrx_word' id='word_1_22' title='bbox 435 444 500 470; x_wconf 88' lang='lat' dir='ltr'>me</span> <span class='ocrx_word' id='word_1_23' title='bbox 532 431 738 484; x_wconf 83' lang='lat' dir='ltr'>psaltriam</span> <span class='ocrx_word' id='word_1_24' title='bbox 768 431 874 471; x_wconf 90' lang='lat' dir='ltr'>hanc</span> <span class='ocrx_word' id='word_1_25' title='bbox 904 432 1068 471; x_wconf 84' lang='lat' dir='ltr'>emisse:</span> <span class='ocrx_word' id='word_1_26' title='bbox 1103 431 1146 470; x_wconf 88' lang='lat' dir='ltr'>id</span> <span class='ocrx_word' id='word_1_27' title='bbox 1179 443 1279 470; x_wconf 87' lang='lat' dir='ltr'>anus</span> <span class='ocrx_word' id='word_1_28' title='bbox 1311 429 1369 469; x_wconf 89' lang='lat' dir='ltr'>mi</span> <span class='ocrx_word' id='word_1_29' title='bbox 1397 429 1588 470; x_wconf 85' lang='lat' dir='ltr'>indicium</span> 
     </span>
    </p>
   </div>
   <div class='ocr_carea' id='block_1_3' title="bbox 121 485 1595 670">
    <p class='ocr_par' dir='ltr' id='par_1_6' title="bbox 121 485 1595 670">
     <span class='ocr_line' id='line_1_6' title="bbox 282 485 1595 537; baseline 0.001 -1"><span class='ocrx_word' id='word_1_30' title='bbox 282 497 387 536; x_wconf 89' lang='lat' dir='ltr'>fecit.</span> <span class='ocrx_word' id='word_1_31' title='bbox 1384 518 1388 523; x_wconf 56' lang='lat'><strong><em>¹</em></strong></span> <span class='ocrx_word' id='word_1_32' title='bbox 1537 485 1595 537; x_wconf 69' lang='lat'>10⁵</span> 
     </span>
     <span class='ocr_line' id='line_1_7' title="bbox 121 564 1585 614; baseline 0.001 -12"><span class='ocrx_word' id='word_1_33' title='bbox 121 564 228 603; x_wconf 91' lang='lat' dir='ltr'>Nam</span> <span class='ocrx_word' id='word_1_34' title='bbox 255 570 301 603; x_wconf 91' lang='lat' dir='ltr'>ut</span> <span class='ocrx_word' id='word_1_35' title='bbox 327 565 420 605; x_wconf 90' lang='lat' dir='ltr'>hinc</span> <span class='ocrx_word' id='word_1_36' title='bbox 449 565 549 605; x_wconf 86' lang='lat' dir='ltr'>forte</span> <span class='ocrx_word' id='word_1_37' title='bbox 580 580 627 605; x_wconf 87' lang='lat' dir='ltr'>ea</span> <span class='ocrx_word' id='word_1_38' title='bbox 652 567 703 606; x_wconf 86' lang='lat' dir='ltr'>ad</span> <span class='ocrx_word' id='word_1_39' title='bbox 732 567 982 606; x_wconf 86' lang='lat' dir='ltr'>obstetricem</span> <span class='ocrx_word' id='word_1_40' title='bbox 1011 571 1095 605; x_wconf 85' lang='lat' dir='ltr'>erat</span> <span class='ocrx_word' id='word_1_41' title='bbox 1120 565 1252 614; x_wconf 82' lang='lat' dir='ltr'>missa,</span> <span class='ocrx_word' id='word_1_42' title='bbox 1279 565 1349 605; x_wconf 93' lang='lat' dir='ltr'>ubi</span> <span class='ocrx_word' id='word_1_43' title='bbox 1377 578 1467 604; x_wconf 86' lang='lat' dir='ltr'>eam</span> <span class='ocrx_word' id='word_1_44' title='bbox 1492 564 1585 613; x_wconf 84' lang='lat' dir='ltr'>vidi,</span> 
     </span>
     <span class='ocr_line' id='line_1_8' title="bbox 284 630 390 670; baseline 0 0"><span class='ocrx_word' id='word_1_45' title='bbox 284 630 390 670; x_wconf 93' lang='lat' dir='ltr'>illico</span> 
     </span>
    </p>
   </div>
   <div class='ocr_carea' id='block_1_4' title="bbox 115 697 1584 1285">
    <p class='ocr_par' dir='ltr' id='par_1_7' title="bbox 120 697 1450 752">
     <span class='ocr_line' id='line_1_9' title="bbox 120 697 1450 752; baseline 0 -15"><span class='ocrx_word' id='word_1_46' title='bbox 120 698 282 738; x_wconf 90' lang='lat' dir='ltr'>Accedo</span> <span class='ocrx_word' id='word_1_47' title='bbox 297 713 307 747; x_wconf 91' lang='lat'>;</span> <span class='ocrx_word' id='word_1_48' title='bbox 342 699 480 752; x_wconf 88' lang='lat' dir='ltr'>rogito,</span> <span class='ocrx_word' id='word_1_49' title='bbox 503 698 713 752; x_wconf 87' lang='lat' dir='ltr'>Pamphila</span> <span class='ocrx_word' id='word_1_50' title='bbox 731 699 828 752; x_wconf 90' lang='lat' dir='ltr'>quid</span> <span class='ocrx_word' id='word_1_51' title='bbox 847 706 963 752; x_wconf 85' lang='lat' dir='ltr'>agat;</span> <span class='ocrx_word' id='word_1_52' title='bbox 992 699 1130 751; x_wconf 88' lang='lat' dir='ltr'>jamne</span> <span class='ocrx_word' id='word_1_53' title='bbox 1149 703 1286 751; x_wconf 83' lang='lat' dir='ltr'>partus</span> <span class='ocrx_word' id='word_1_54' title='bbox 1303 697 1450 747; x_wconf 80' lang='lat' dir='ltr'>adsiet;</span> 
     </span>
    </p>

    <p class='ocr_par' dir='ltr' id='par_1_8' title="bbox 121 763 1584 817">
     <span class='ocr_line' id='line_1_10' title="bbox 121 763 1584 817; baseline -0.001 -13"><span class='ocrx_word' id='word_1_55' title='bbox 121 765 232 804; x_wconf 89' lang='lat' dir='ltr'>Eone</span> <span class='ocrx_word' id='word_1_56' title='bbox 245 766 494 806; x_wconf 89' lang='lat' dir='ltr'>obstetricem</span> <span class='ocrx_word' id='word_1_57' title='bbox 507 772 680 805; x_wconf 88' lang='lat' dir='ltr'>arcessat</span> <span class='ocrx_word' id='word_1_58' title='bbox 696 780 703 805; x_wconf 94' lang='lat'>:</span> <span class='ocrx_word' id='word_1_59' title='bbox 726 766 794 805; x_wconf 85' lang='lat' dir='ltr'>illa</span> <span class='ocrx_word' id='word_1_60' title='bbox 809 766 1016 814; x_wconf 83' lang='lat' dir='ltr'>exclamat,</span> <span class='ocrx_word' id='word_1_61' title='bbox 1042 769 1066 787; x_wconf 91' lang='lat'><strong>“</strong></span> <span class='ocrx_word' id='word_1_62' title='bbox 1076 765 1168 813; x_wconf 92' lang='lat' dir='ltr'>Abi,</span> <span class='ocrx_word' id='word_1_63' title='bbox 1185 764 1260 813; x_wconf 87' lang='lat' dir='ltr'>abi,</span> <span class='ocrx_word' id='word_1_64' title='bbox 1268 764 1368 817; x_wconf 86' lang='lat' dir='ltr'>jam,</span> <span class='ocrx_word' id='word_1_65' title='bbox 1383 763 1584 812; x_wconf 80' lang='lat' dir='ltr'>AEsehine,</span> 
     </span>
    </p>

    <p class='ocr_par' dir='ltr' id='par_1_9' title="bbox 122 830 1464 872">
     <span class='ocr_line' id='line_1_11' title="bbox 122 830 1464 872; baseline 0.001 -2"><span class='ocrx_word' id='word_1_66' title='bbox 122 831 224 870; x_wconf 90' lang='lat' dir='ltr'>Satis</span> <span class='ocrx_word' id='word_1_67' title='bbox 243 832 312 871; x_wconf 92' lang='lat' dir='ltr'>diu</span> <span class='ocrx_word' id='word_1_68' title='bbox 331 832 473 872; x_wconf 89' lang='lat' dir='ltr'>dedisti</span> <span class='ocrx_word' id='word_1_69' title='bbox 494 833 612 872; x_wconf 80' lang='lat' dir='ltr'>verba</span> <span class='ocrx_word' id='word_1_70' title='bbox 628 847 636 870; x_wconf 93' lang='lat'>:</span> <span class='ocrx_word' id='word_1_71' title='bbox 668 839 728 872; x_wconf 88' lang='lat' dir='ltr'>sat</span> <span class='ocrx_word' id='word_1_72' title='bbox 746 833 875 872; x_wconf 84' lang='lat' dir='ltr'>adhue</span> <span class='ocrx_word' id='word_1_73' title='bbox 896 839 963 872; x_wconf 86' lang='lat' dir='ltr'>tua</span> <span class='ocrx_word' id='word_1_74' title='bbox 982 846 1053 871; x_wconf 87' lang='lat' dir='ltr'>nos</span> <span class='ocrx_word' id='word_1_75' title='bbox 1072 831 1309 872; x_wconf 84' lang='lat' dir='ltr'>frustrata’st</span> <span class='ocrx_word' id='word_1_76' title='bbox 1326 830 1464 872; x_wconf 74' lang='lat' dir='ltr'>fide8.”</span> 
     </span>
    </p>

    <p class='ocr_par' dir='ltr' id='par_1_10' title="bbox 120 886 1584 1019">
     <span class='ocr_line' id='line_1_12' title="bbox 120 886 1584 953; baseline 0 -16"><span class='ocrx_word' id='word_1_77' title='bbox 120 898 229 938; x_wconf 89' lang='lat' dir='ltr'>Hem</span> <span class='ocrx_word' id='word_1_78' title='bbox 245 899 255 937; x_wconf 79' lang='grc'>1</span> <span class='ocrx_word' id='word_1_79' title='bbox 287 899 382 951; x_wconf 90' lang='lat' dir='ltr'>quid</span> <span class='ocrx_word' id='word_1_80' title='bbox 410 899 523 948; x_wconf 90' lang='lat' dir='ltr'>istuc,</span> <span class='ocrx_word' id='word_1_81' title='bbox 549 900 722 947; x_wconf 88' lang='lat' dir='ltr'>obsecro,</span> <span class='ocrx_word' id='word_1_82' title='bbox 751 900 995 953; x_wconf 76' lang='lat' dir='ltr'>inquam&#39;st?</span> <span class='ocrx_word' id='word_1_83' title='bbox 1052 903 1077 922; x_wconf 90' lang='lat'><em>“</em></span> <span class='ocrx_word' id='word_1_84' title='bbox 1093 899 1251 948; x_wconf 82' lang='lat' dir='ltr'>Valeas,</span> <span class='ocrx_word' id='word_1_85' title='bbox 1285 886 1435 938; x_wconf 77' lang='lat' dir='ltr'>hab&#39;eas</span> <span class='ocrx_word' id='word_1_86' title='bbox 1462 897 1584 947; x_wconf 81' lang='lat' dir='ltr'>illam,</span> 
     </span>
     <span class='ocr_line' id='line_1_13' title="bbox 280 966 1582 1019; baseline -0.001 -15"><span class='ocrx_word' id='word_1_87' title='bbox 280 979 370 1018; x_wconf 87' lang='lat' dir='ltr'>quae</span> <span class='ocrx_word' id='word_1_88' title='bbox 389 966 559 1019; x_wconf 85' lang='lat' dir='ltr'>placet.&#39;’</span> <span class='ocrx_word' id='word_1_89' title='bbox 1534 967 1582 1004; x_wconf 88' lang='grc'>15</span> 
     </span>
    </p>

    <p class='ocr_par' dir='ltr' id='par_1_11' title="bbox 118 1031 1367 1087">
     <span class='ocr_line' id='line_1_14' title="bbox 118 1031 1367 1087; baseline -0.002 -15"><span class='ocrx_word' id='word_1_90' title='bbox 118 1032 230 1072; x_wconf 85' lang='lat' dir='ltr'>Sensi</span> <span class='ocrx_word' id='word_1_91' title='bbox 250 1033 365 1082; x_wconf 90' lang='lat' dir='ltr'>illico,</span> <span class='ocrx_word' id='word_1_92' title='bbox 387 1033 428 1072; x_wconf 87' lang='lat' dir='ltr'>id</span> <span class='ocrx_word' id='word_1_93' title='bbox 446 1033 533 1073; x_wconf 82' lang='lat' dir='ltr'>illas</span> <span class='ocrx_word' id='word_1_94' title='bbox 552 1034 764 1087; x_wconf 88' lang='lat' dir='ltr'>suspicari:</span> <span class='ocrx_word' id='word_1_95' title='bbox 794 1033 863 1073; x_wconf 90' lang='lat' dir='ltr'>sed</span> <span class='ocrx_word' id='word_1_96' title='bbox 882 1047 946 1072; x_wconf 90' lang='lat' dir='ltr'>me</span> <span class='ocrx_word' id='word_1_97' title='bbox 965 1031 1201 1085; x_wconf 86' lang='lat' dir='ltr'>reprehendi</span> <span class='ocrx_word' id='word_1_98' title='bbox 1220 1037 1367 1080; x_wconf 84' lang='lat' dir='ltr'>tamen,</span> 
     </span>
    </p>

    <p class='ocr_par' dir='ltr' id='par_1_12' title="bbox 117 1097 1343 1152">
     <span class='ocr_line' id='line_1_15' title="bbox 117 1097 1343 1152; baseline 0 -15"><span class='ocrx_word' id='word_1_99' title='bbox 117 1098 181 1138; x_wconf 93' lang='lat' dir='ltr'>Ne</span> <span class='ocrx_word' id='word_1_100' title='bbox 201 1100 297 1152; x_wconf 89' lang='lat' dir='ltr'>quid</span> <span class='ocrx_word' id='word_1_101' title='bbox 317 1099 366 1138; x_wconf 92' lang='lat' dir='ltr'>de</span> <span class='ocrx_word' id='word_1_102' title='bbox 385 1100 506 1139; x_wconf 88' lang='lat' dir='ltr'>fratre</span> <span class='ocrx_word' id='word_1_103' title='bbox 525 1099 696 1152; x_wconf 86' lang='lat' dir='ltr'>garrulae</span> <span class='ocrx_word' id='word_1_104' title='bbox 714 1100 773 1138; x_wconf 91' lang='lat' dir='ltr'>illi</span> <span class='ocrx_word' id='word_1_105' title='bbox 792 1100 978 1146; x_wconf 88' lang='lat' dir='ltr'>dicerem,</span> <span class='ocrx_word' id='word_1_106' title='bbox 1000 1113 1046 1138; x_wconf 89' lang='lat' dir='ltr'>ac</span> <span class='ocrx_word' id='word_1_107' title='bbox 1067 1099 1179 1137; x_wconf 87' lang='lat' dir='ltr'>fieret</span> <span class='ocrx_word' id='word_1_108' title='bbox 1196 1097 1343 1151; x_wconf 87' lang='lat' dir='ltr'>palam.</span> 
     </span>
    </p>

    <p class='ocr_par' dir='ltr' id='par_1_13' title="bbox 116 1163 1584 1218">
     <span class='ocr_line' id='line_1_16' title="bbox 116 1163 1584 1218; baseline -0.001 -13"><span class='ocrx_word' id='word_1_109' title='bbox 116 1165 157 1204; x_wconf 92' lang='lat' dir='ltr'>N</span> <span class='ocrx_word' id='word_1_110' title='bbox 158 1179 237 1205; x_wconf 92' lang='lat' dir='ltr'>unc</span> <span class='ocrx_word' id='word_1_111' title='bbox 257 1165 353 1218; x_wconf 90' lang='lat' dir='ltr'>quid</span> <span class='ocrx_word' id='word_1_112' title='bbox 371 1166 543 1205; x_wconf 82' lang='lat' dir='ltr'>faciam?</span> <span class='ocrx_word' id='word_1_113' title='bbox 561 1166 702 1214; x_wconf 90' lang='lat' dir='ltr'>dicam,</span> <span class='ocrx_word' id='word_1_114' title='bbox 725 1166 854 1205; x_wconf 87' lang='lat' dir='ltr'>fratris</span> <span class='ocrx_word' id='word_1_115' title='bbox 873 1179 957 1205; x_wconf 89' lang='lat' dir='ltr'>esse</span> <span class='ocrx_word' id='word_1_116' title='bbox 976 1165 1108 1204; x_wconf 76' lang='lat' dir='ltr'>hanc?</span> <span class='ocrx_word' id='word_1_117' title='bbox 1127 1164 1234 1218; x_wconf 90' lang='lat' dir='ltr'>quod</span> <span class='ocrx_word' id='word_1_118' title='bbox 1250 1163 1467 1204; x_wconf 84' lang='lat' dir='ltr'>minime&#39;st</span> <span class='ocrx_word' id='word_1_119' title='bbox 1485 1176 1584 1216; x_wconf 78' lang='lat' dir='ltr'>opus</span> 
     </span>
    </p>

    <p class='ocr_par' dir='ltr' id='par_1_14' title="bbox 115 1232 1419 1285">
     <span class='ocr_line' id='line_1_17' title="bbox 115 1232 1419 1285; baseline -0.002 -13"><span class='ocrx_word' id='word_1_120' title='bbox 115 1232 295 1285; x_wconf 88' lang='lat' dir='ltr'>Usquam</span> <span class='ocrx_word' id='word_1_121' title='bbox 315 1232 466 1272; x_wconf 84' lang='lat' dir='ltr'>efferri:</span> <span class='ocrx_word' id='word_1_122' title='bbox 496 1246 542 1272; x_wconf 88' lang='lat' dir='ltr'>ac</span> <span class='ocrx_word' id='word_1_123' title='bbox 561 1233 698 1272; x_wconf 89' lang='lat' dir='ltr'>mitto:</span> <span class='ocrx_word' id='word_1_124' title='bbox 729 1232 814 1271; x_wconf 88' lang='lat' dir='ltr'>fieri</span> <span class='ocrx_word' id='word_1_125' title='bbox 833 1232 935 1285; x_wconf 91' lang='lat' dir='ltr'>potis</span> <span class='ocrx_word' id='word_1_126' title='bbox 955 1238 1024 1280; x_wconf 89' lang='lat' dir='ltr'>est,</span> <span class='ocrx_word' id='word_1_127' title='bbox 1045 1237 1091 1271; x_wconf 93' lang='lat' dir='ltr'>ut</span> <span class='ocrx_word' id='word_1_128' title='bbox 1107 1245 1159 1271; x_wconf 86' lang='lat' dir='ltr'>ne</span> <span class='ocrx_word' id='word_1_129' title='bbox 1179 1245 1258 1285; x_wconf 86' lang='lat' dir='ltr'>qua</span> <span class='ocrx_word' id='word_1_130' title='bbox 1277 1235 1394 1270; x_wconf 81' lang='lat' dir='ltr'>exeat</span> <span class='ocrx_word' id='word_1_131' title='bbox 1410 1244 1419 1269; x_wconf 93' lang='lat'>:</span> 
     </span>
    </p>
   </div>
   <div class='ocr_carea' id='block_1_5' title="bbox 116 1296 1657 1425">
    <p class='ocr_par' dir='ltr' id='par_1_15' title="bbox 116 1291 1666 1425">
     <span class='ocr_line' id='line_1_18' title="bbox 117 1296 1583 1351; baseline 0.001 -15"><span class='ocrx_word' id='word_1_132' title='bbox 117 1298 256 1351; x_wconf 88' lang='lat' dir='ltr'>Ipsum</span> <span class='ocrx_word' id='word_1_133' title='bbox 274 1298 317 1338; x_wconf 87' lang='lat' dir='ltr'>id</span> <span class='ocrx_word' id='word_1_134' title='bbox 334 1304 470 1338; x_wconf 89' lang='lat' dir='ltr'>metuo</span> <span class='ocrx_word' id='word_1_135' title='bbox 489 1303 534 1337; x_wconf 91' lang='lat' dir='ltr'>ut</span> <span class='ocrx_word' id='word_1_136' title='bbox 553 1299 718 1338; x_wconf 86' lang='lat' dir='ltr'>credant</span> <span class='ocrx_word' id='word_1_137' title='bbox 734 1312 742 1336; x_wconf 75' lang='grc' dir='ltr'>ε</span> <span class='ocrx_word' id='word_1_138' title='bbox 774 1304 832 1337; x_wconf 90' lang='lat' dir='ltr'>tot</span> <span class='ocrx_word' id='word_1_139' title='bbox 851 1303 1092 1337; x_wconf 86' lang='lat' dir='ltr'>concurrunt</span> <span class='ocrx_word' id='word_1_140' title='bbox 1110 1296 1363 1336; x_wconf 80' lang='lat' dir='ltr'>verisimilia:</span> <span class='ocrx_word' id='word_1_141' title='bbox 1529 1298 1583 1335; x_wconf 86' lang='lat'>20</span> 
     </span>
     <span class='ocr_line' id='line_1_19' title="bbox 116 1363 1657 1425; baseline -0.002 -19"><span class='ocrx_word' id='word_1_142' title='bbox 116 1367 287 1420; x_wconf 90' lang='lat' dir='ltr'>Egomet</span> <span class='ocrx_word' id='word_1_143' title='bbox 303 1367 442 1420; x_wconf 88' lang='lat' dir='ltr'>rapui:</span> <span class='ocrx_word' id='word_1_144' title='bbox 472 1367 556 1420; x_wconf 91' lang='lat' dir='ltr'>ipse</span> <span class='ocrx_word' id='word_1_145' title='bbox 576 1372 734 1419; x_wconf 87' lang='lat' dir='ltr'>egomet</span> <span class='ocrx_word' id='word_1_146' title='bbox 761 1366 860 1405; x_wconf 89' lang='lat' dir='ltr'>solvi</span> <span class='ocrx_word' id='word_1_147' title='bbox 888 1371 1121 1419; x_wconf 88' lang='lat' dir='ltr'>argentum:</span> <span class='ocrx_word' id='word_1_148' title='bbox 1152 1365 1204 1405; x_wconf 88' lang='lat' dir='ltr'>ad</span> <span class='ocrx_word' id='word_1_149' title='bbox 1229 1378 1295 1404; x_wconf 91' lang='lat' dir='ltr'>me</span> <span class='ocrx_word' id='word_1_150' title='bbox 1324 1363 1496 1404; x_wconf 86' lang='lat' dir='ltr'>abducta</span> <span class='ocrx_word' id='word_1_151' title='bbox 1521 1370 1582 1404; x_wconf 78' lang='lat' dir='ltr'>est</span> <span class='ocrx_word' id='word_1_152' title='bbox 1644 1410 1657 1425; x_wconf 30' lang='grc' dir='ltr'>,Ἰ</span> 
     </span>
    </p>
   </div>
   <div class='ocr_carea' id='block_1_6' title="bbox 115 1434 1418 1619">
    <p class='ocr_par' dir='ltr' id='par_1_16' title="bbox 115 1434 1418 1619">
     <span class='ocr_line' id='line_1_20' title="bbox 279 1434 455 1473; baseline 0 0"><span class='ocrx_word' id='word_1_153' title='bbox 279 1434 455 1473; x_wconf 87' lang='lat' dir='ltr'>domum.</span> 
     </span>
     <span class='ocr_line' id='line_1_21' title="bbox 117 1497 1418 1552; baseline -0.002 -13"><span class='ocrx_word' id='word_1_154' title='bbox 117 1499 219 1539; x_wconf 91' lang='lat' dir='ltr'>Haec</span> <span class='ocrx_word' id='word_1_155' title='bbox 240 1501 338 1540; x_wconf 85' lang='lat' dir='ltr'>adeo</span> <span class='ocrx_word' id='word_1_156' title='bbox 358 1513 449 1539; x_wconf 90' lang='lat' dir='ltr'>mea</span> <span class='ocrx_word' id='word_1_157' title='bbox 468 1499 586 1552; x_wconf 91' lang='lat' dir='ltr'>culpa</span> <span class='ocrx_word' id='word_1_158' title='bbox 602 1499 729 1539; x_wconf 88' lang='lat' dir='ltr'>fateor</span> <span class='ocrx_word' id='word_1_159' title='bbox 747 1498 857 1538; x_wconf 88' lang='lat' dir='ltr'>fieri:</span> <span class='ocrx_word' id='word_1_160' title='bbox 887 1512 971 1539; x_wconf 90' lang='lat' dir='ltr'>non</span> <span class='ocrx_word' id='word_1_161' title='bbox 989 1511 1055 1538; x_wconf 90' lang='lat' dir='ltr'>me</span> <span class='ocrx_word' id='word_1_162' title='bbox 1074 1497 1180 1538; x_wconf 86' lang='lat' dir='ltr'>hanc</span> <span class='ocrx_word' id='word_1_163' title='bbox 1198 1510 1284 1538; x_wconf 89' lang='lat' dir='ltr'>rem</span> <span class='ocrx_word' id='word_1_164' title='bbox 1301 1497 1418 1551; x_wconf 87' lang='lat' dir='ltr'>patri,</span> 
     </span>
     <span class='ocr_line' id='line_1_22' title="bbox 115 1564 1383 1619; baseline -0.002 -14"><span class='ocrx_word' id='word_1_165' title='bbox 115 1567 171 1606; x_wconf 89' lang='lat' dir='ltr'>Ut</span> <span class='ocrx_word' id='word_1_166' title='bbox 189 1572 234 1606; x_wconf 91' lang='lat' dir='ltr'>ut</span> <span class='ocrx_word' id='word_1_167' title='bbox 252 1572 337 1605; x_wconf 87' lang='lat' dir='ltr'>erat</span> <span class='ocrx_word' id='word_1_168' title='bbox 353 1572 476 1619; x_wconf 86' lang='lat' dir='ltr'>gesta,</span> <span class='ocrx_word' id='word_1_169' title='bbox 498 1565 722 1605; x_wconf 79' lang='lat' dir='ltr'>indicasse?</span> <span class='ocrx_word' id='word_1_170' title='bbox 750 1578 987 1613; x_wconf 86' lang='lat' dir='ltr'>exorassem,</span> <span class='ocrx_word' id='word_1_171' title='bbox 1007 1570 1054 1604; x_wconf 88' lang='lat' dir='ltr'>ut</span> <span class='ocrx_word' id='word_1_172' title='bbox 1072 1578 1161 1604; x_wconf 90' lang='lat' dir='ltr'>eam</span> <span class='ocrx_word' id='word_1_173' title='bbox 1181 1564 1383 1604; x_wconf 87' lang='lat' dir='ltr'>ducerem.</span> 
     </span>
    </p>
   </div>
   <div class='ocr_carea' id='block_1_7' title="bbox 115 1630 1552 1686">
    <p class='ocr_par' dir='ltr' id='par_1_17' title="bbox 115 1630 1552 1686">
     <span class='ocr_line' id='line_1_23' title="bbox 115 1630 1552 1686; baseline -0.001 -14"><span class='ocrx_word' id='word_1_174' title='bbox 115 1633 321 1672; x_wconf 86' lang='lat' dir='ltr'>Cessatum</span> <span class='ocrx_word' id='word_1_175' title='bbox 339 1646 465 1686; x_wconf 88' lang='lat' dir='ltr'>usque</span> <span class='ocrx_word' id='word_1_176' title='bbox 485 1631 615 1672; x_wconf 90' lang='lat' dir='ltr'>adhuc</span> <span class='ocrx_word' id='word_1_177' title='bbox 635 1637 695 1671; x_wconf 88' lang='lat' dir='ltr'>est</span> <span class='ocrx_word' id='word_1_178' title='bbox 711 1646 719 1671; x_wconf 92' lang='lat'>:</span> <span class='ocrx_word' id='word_1_179' title='bbox 750 1645 857 1672; x_wconf 92' lang='lat' dir='ltr'>nunc</span> <span class='ocrx_word' id='word_1_180' title='bbox 876 1645 1005 1684; x_wconf 87' lang='lat' dir='ltr'>porro,</span> <span class='ocrx_word' id='word_1_181' title='bbox 1027 1630 1230 1680; x_wconf 87' lang='lat' dir='ltr'>AEschine,</span> <span class='ocrx_word' id='word_1_182' title='bbox 1251 1631 1526 1684; x_wconf 83' lang='lat' dir='ltr'>expergiscere</span> <span class='ocrx_word' id='word_1_183' title='bbox 1542 1645 1552 1670; x_wconf 76' lang='lat' dir='ltr'><em>z</em></span> 
     </span>
    </p>
   </div>
   <div class='ocr_carea' id='block_1_8' title="bbox 115 1695 1655 1805">
    <p class='ocr_par' dir='ltr' id='par_1_18' title="bbox 115 1695 1655 1805">
     <span class='ocr_line' id='line_1_24' title="bbox 115 1695 1655 1752; baseline -0.001 -14"><span class='ocrx_word' id='word_1_184' title='bbox 115 1700 235 1739; x_wconf 90' lang='lat' dir='ltr'>Nunc</span> <span class='ocrx_word' id='word_1_185' title='bbox 261 1699 337 1738; x_wconf 92' lang='lat' dir='ltr'>hoc</span> <span class='ocrx_word' id='word_1_186' title='bbox 363 1699 589 1752; x_wconf 89' lang='lat' dir='ltr'>primum&#39;st</span> <span class='ocrx_word' id='word_1_187' title='bbox 603 1713 613 1748; x_wconf 71' lang='grc' dir='ltr'><strong><em>ς</em></strong></span> <span class='ocrx_word' id='word_1_188' title='bbox 645 1699 696 1738; x_wconf 89' lang='lat' dir='ltr'>ad</span> <span class='ocrx_word' id='word_1_189' title='bbox 721 1698 808 1738; x_wconf 86' lang='lat' dir='ltr'>illas</span> <span class='ocrx_word' id='word_1_190' title='bbox 834 1699 911 1747; x_wconf 91' lang='lat' dir='ltr'>ibo,</span> <span class='ocrx_word' id='word_1_191' title='bbox 935 1704 981 1738; x_wconf 93' lang='lat' dir='ltr'>ut</span> <span class='ocrx_word' id='word_1_192' title='bbox 1004 1712 1173 1752; x_wconf 86' lang='lat' dir='ltr'>purgem</span> <span class='ocrx_word' id='word_1_193' title='bbox 1198 1712 1290 1739; x_wconf 85' lang='lat' dir='ltr'>me:</span> <span class='ocrx_word' id='word_1_194' title='bbox 1320 1697 1508 1738; x_wconf 80' lang='lat' dir='ltr'>accedam</span> <span class='ocrx_word' id='word_1_195' title='bbox 1529 1695 1582 1737; x_wconf 84' lang='lat' dir='ltr'>ad</span> <span class='ocrx_word' id='word_1_196' title='bbox 1654 1711 1655 1714; x_wconf 51' lang='lat'>¹</span> 
     </span>
     <span class='ocr_line' id='line_1_25' title="bbox 274 1765 1655 1805; baseline -0.002 0"><span class='ocrx_word' id='word_1_197' title='bbox 274 1765 377 1805; x_wconf 88' lang='lat' dir='ltr'>fores</span> <span class='ocrx_word' id='word_1_198' title='bbox 393 1780 401 1788; x_wconf 93' lang='lat'>·</span> <span class='ocrx_word' id='word_1_199' title='bbox 1473 1768 1476 1774; x_wconf 83' lang='lat'>‘</span> <span class='ocrx_word' id='word_1_200' title='bbox 1527 1765 1578 1803; x_wconf 84' lang='lat'>25</span> <span class='ocrx_word' id='word_1_201' title='bbox 1644 1784 1655 1802; x_wconf 65' lang='grc' dir='ltr'><em>κ</em></span> 
     </span>
    </p>
   </div>
   <div class='ocr_carea' id='block_1_9' title="bbox 109 1831 1564 2019">
    <p class='ocr_par' dir='ltr' id='par_1_19' title="bbox 109 1831 1564 2019">
     <span class='ocr_line' id='line_1_26' title="bbox 114 1831 1416 1885; baseline -0.001 -14"><span class='ocrx_word' id='word_1_202' title='bbox 114 1833 218 1872; x_wconf 90' lang='lat' dir='ltr'>Perii</span> <span class='ocrx_word' id='word_1_203' title='bbox 234 1833 243 1872; x_wconf 89' lang='lat'><strong>!</strong></span> <span class='ocrx_word' id='word_1_204' title='bbox 273 1832 457 1872; x_wconf 89' lang='lat' dir='ltr'>horresco</span> <span class='ocrx_word' id='word_1_205' title='bbox 476 1846 642 1885; x_wconf 88' lang='lat' dir='ltr'>semper,</span> <span class='ocrx_word' id='word_1_206' title='bbox 662 1832 732 1872; x_wconf 90' lang='lat' dir='ltr'>ubi</span> <span class='ocrx_word' id='word_1_207' title='bbox 749 1832 903 1885; x_wconf 87' lang='lat' dir='ltr'>pultare</span> <span class='ocrx_word' id='word_1_208' title='bbox 920 1831 1040 1871; x_wconf 83' lang='lat' dir='ltr'>hasce</span> <span class='ocrx_word' id='word_1_209' title='bbox 1060 1831 1212 1884; x_wconf 91' lang='lat' dir='ltr'>occipio</span> <span class='ocrx_word' id='word_1_210' title='bbox 1230 1831 1362 1871; x_wconf 86' lang='lat' dir='ltr'>miser.</span> <span class='ocrx_word' id='word_1_211' title='bbox 1411 1858 1416 1861; x_wconf 95' lang='lat'>-</span> 
     </span>
     <span class='ocr_line' id='line_1_27' title="bbox 109 1897 1564 1952; baseline -0.001 -14"><span class='ocrx_word' id='word_1_212' title='bbox 109 1900 239 1947; x_wconf 91' lang='lat' dir='ltr'>Heus,</span> <span class='ocrx_word' id='word_1_213' title='bbox 259 1899 378 1938; x_wconf 85' lang='lat' dir='ltr'>heus:</span> <span class='ocrx_word' id='word_1_214' title='bbox 408 1899 623 1939; x_wconf 90' lang='lat' dir='ltr'>AEschinus</span> <span class='ocrx_word' id='word_1_215' title='bbox 642 1913 716 1952; x_wconf 89' lang='lat' dir='ltr'>ego</span> <span class='ocrx_word' id='word_1_216' title='bbox 735 1913 823 1939; x_wconf 90' lang='lat' dir='ltr'>sum</span> <span class='ocrx_word' id='word_1_217' title='bbox 840 1913 849 1938; x_wconf 91' lang='lat'>:</span> <span class='ocrx_word' id='word_1_218' title='bbox 879 1898 1029 1952; x_wconf 87' lang='lat' dir='ltr'>aperite</span> <span class='ocrx_word' id='word_1_219' title='bbox 1048 1897 1190 1951; x_wconf 86' lang='lat' dir='ltr'>aliquis</span> <span class='ocrx_word' id='word_1_220' title='bbox 1207 1903 1388 1938; x_wconf 80' lang='lat' dir='ltr'>actutum</span> <span class='ocrx_word' id='word_1_221' title='bbox 1406 1897 1564 1938; x_wconf 82' lang='lat' dir='ltr'>ostium.</span> 
     </span>
     <span class='ocr_line' id='line_1_28' title="bbox 113 1965 890 2019; baseline -0.001 -14"><span class='ocrx_word' id='word_1_222' title='bbox 113 1966 251 2005; x_wconf 77' lang='lat' dir='ltr'>Prodit</span> <span class='ocrx_word' id='word_1_223' title='bbox 269 1966 403 2006; x_wconf 86' lang='lat' dir='ltr'>nescio</span> <span class='ocrx_word' id='word_1_224' title='bbox 422 1966 534 2019; x_wconf 85' lang='lat' dir='ltr'>quis:</span> <span class='ocrx_word' id='word_1_225' title='bbox 565 1966 781 2005; x_wconf 87' lang='lat' dir='ltr'>concedam</span> <span class='ocrx_word' id='word_1_226' title='bbox 799 1965 890 2005; x_wconf 90' lang='lat' dir='ltr'>huc.</span> 
     </span>
    </p>
   </div>
   <div class='ocr_carea' id='block_1_10' title="bbox 543 2160 1150 2201">
    <p class='ocr_par' dir='ltr' id='par_1_20' title="bbox 543 2160 1150 2201">
     <span class='ocr_line' id='line_1_29' title="bbox 543 2160 1150 2201; baseline 0.002 -1"><span class='ocrx_word' id='word_1_227' title='bbox 543 2161 719 2201; x_wconf 91' lang='lat' dir='ltr'>ACTUS</span> <span class='ocrx_word' id='word_1_228' title='bbox 751 2161 825 2200; x_wconf 92' lang='lat' dir='ltr'>IV.</span> <span class='ocrx_word' id='word_1_229' title='bbox 885 2160 1067 2200; x_wconf 90' lang='lat' dir='ltr'>SCENA</span> <span class='ocrx_word' id='word_1_230' title='bbox 1099 2161 1150 2201; x_wconf 89' lang='lat' dir='ltr'>V.</span> 
     </span>
    </p>
   </div>
   <div class='ocr_carea' id='block_1_11' title="bbox 627 2267 1073 2306">
    <p class='ocr_par' dir='ltr' id='par_1_21' title="bbox 627 2267 1073 2306">
     <span class='ocr_line' id='line_1_30' title="bbox 627 2267 1073 2306; baseline -0.002 0"><span class='ocrx_word' id='word_1_231' title='bbox 627 2267 774 2306; x_wconf 89' lang='lat' dir='ltr'>M1c1o.</span> <span class='ocrx_word' id='word_1_232' title='bbox 832 2267 1073 2306; x_wconf 72' lang='lat' dir='ltr'>AEscmnus.</span> 
     </span>
    </p>
   </div>
   <div class='ocr_carea' id='block_1_12' title="bbox 114 2368 1639 2493">
    <p class='ocr_par' dir='ltr' id='par_1_22' title="bbox 114 2346 1665 2493">
     <span class='ocr_line' id='line_1_31' title="bbox 960 2368 1639 2431; baseline 0 -23"><span class='ocrx_word' id='word_1_233' title='bbox 960 2369 1037 2408; x_wconf 87' lang='lat' dir='ltr'>M1.</span> <span class='ocrx_word' id='word_1_234' title='bbox 1078 2368 1154 2417; x_wconf 82' lang='lat' dir='ltr'>Ita,</span> <span class='ocrx_word' id='word_1_235' title='bbox 1174 2368 1234 2408; x_wconf 90' lang='lat' dir='ltr'>uti</span> <span class='ocrx_word' id='word_1_236' title='bbox 1253 2368 1366 2418; x_wconf 80' lang='lat' dir='ltr'>dixti,</span> <span class='ocrx_word' id='word_1_237' title='bbox 1388 2369 1572 2416; x_wconf 80' lang='lat' dir='ltr'>Sostrata,</span> <span class='ocrx_word' id='word_1_238' title='bbox 1632 2385 1639 2431; x_wconf 16' lang='grc' dir='ltr'>’ν</span> 
     </span>
     <span class='ocr_line' id='line_1_32' title="bbox 114 2434 1572 2493; baseline -0.005 -11"><span class='ocrx_word' id='word_1_239' title='bbox 114 2442 273 2483; x_wconf 84' lang='lat' dir='ltr'>Facito:</span> <span class='ocrx_word' id='word_1_240' title='bbox 304 2453 378 2493; x_wconf 89' lang='lat' dir='ltr'>ego</span> <span class='ocrx_word' id='word_1_241' title='bbox 397 2437 634 2479; x_wconf 89' lang='lat' dir='ltr'>AEschinum</span> <span class='ocrx_word' id='word_1_242' title='bbox 655 2435 917 2485; x_wconf 63' lang='lat' dir='ltr'>conveniam</span> <span class='ocrx_word' id='word_1_243' title='bbox 947 2441 1003 2484; x_wconf 88' lang='lat' dir='ltr'>ut,</span> <span class='ocrx_word' id='word_1_244' title='bbox 1025 2435 1224 2488; x_wconf 88' lang='lat' dir='ltr'>quomodo</span> <span class='ocrx_word' id='word_1_245' title='bbox 1242 2441 1332 2475; x_wconf 84' lang='lat' dir='ltr'>acta</span> <span class='ocrx_word' id='word_1_246' title='bbox 1355 2434 1444 2476; x_wconf 88' lang='lat' dir='ltr'>haec</span> <span class='ocrx_word' id='word_1_247' title='bbox 1468 2441 1572 2484; x_wconf 86' lang='lat' dir='ltr'>sunt,</span> 
     </span>
    </p>
   </div>
   <div class='ocr_carea' id='block_1_13' title="bbox 273 2508 382 2547">
    <p class='ocr_par' dir='ltr' id='par_1_23' title="bbox 273 2508 382 2547">
     <span class='ocr_line' id='line_1_33' title="bbox 273 2508 382 2547; baseline -0.009 0"><span class='ocrx_word' id='word_1_248' title='bbox 273 2508 382 2547; x_wconf 88' lang='lat' dir='ltr'>sciat.</span> 
     </span>
    </p>
   </div>
   <div class='ocr_carea' id='block_1_14' title="bbox 109 2567 1571 2628">
    <p class='ocr_par' dir='ltr' id='par_1_24' title="bbox 109 2535 1670 2628">
     <span class='ocr_line' id='line_1_34' title="bbox 109 2567 1571 2628; baseline -0.005 -14"><span class='ocrx_word' id='word_1_249' title='bbox 109 2575 188 2616; x_wconf 89' lang='lat' dir='ltr'>Sed</span> <span class='ocrx_word' id='word_1_250' title='bbox 219 2574 307 2628; x_wconf 89' lang='lat' dir='ltr'>quis</span> <span class='ocrx_word' id='word_1_251' title='bbox 340 2573 484 2613; x_wconf 92' lang='lat' dir='ltr'>ostium</span> <span class='ocrx_word' id='word_1_252' title='bbox 515 2570 591 2610; x_wconf 87' lang='lat' dir='ltr'>hoc</span> <span class='ocrx_word' id='word_1_253' title='bbox 624 2568 824 2623; x_wconf 82' lang='lat' dir='ltr'>pultavit?</span> <span class='ocrx_word' id='word_1_254' title='bbox 906 2569 992 2607; x_wconf 88' lang='lat' dir='ltr'>AEs.</span> <span class='ocrx_word' id='word_1_255' title='bbox 1033 2568 1152 2608; x_wconf 88' lang='lat' dir='ltr'>Pater</span> <span class='ocrx_word' id='word_1_256' title='bbox 1181 2567 1315 2608; x_wconf 88' lang='lat' dir='ltr'>hercle</span> <span class='ocrx_word' id='word_1_257' title='bbox 1341 2573 1413 2618; x_wconf 88' lang='lat' dir='ltr'>est,</span> <span class='ocrx_word' id='word_1_258' title='bbox 1443 2568 1571 2622; x_wconf 81' lang='lat' dir='ltr'>perii!</span> 
     </span>
    </p>
   </div>
   <div class='ocr_carea' id='block_1_15' title="bbox 112 2636 1519 2753">
    <p class='ocr_par' dir='ltr' id='par_1_25' title="bbox 112 2636 1519 2753">
     <span class='ocr_line' id='line_1_35' title="bbox 271 2636 593 2678; baseline -0.012 0"><span class='ocrx_word' id='word_1_259' title='bbox 271 2639 349 2678; x_wconf 91' lang='lat' dir='ltr'>M1.</span> <span class='ocrx_word' id='word_1_260' title='bbox 389 2636 593 2677; x_wconf 86' lang='lat' dir='ltr'>AEschine.</span> 
     </span>
     <span class='ocr_line' id='line_1_36' title="bbox 112 2698 1519 2753; baseline -0.006 -6"><span class='ocrx_word' id='word_1_261' title='bbox 112 2742 121 2747; x_wconf 82' lang='lat'><strong>.</strong></span> <span class='ocrx_word' id='word_1_262' title='bbox 135 2707 194 2747; x_wconf 61' lang='grc' dir='ltr'>ἴε.</span> <span class='ocrx_word' id='word_1_263' title='bbox 234 2705 341 2751; x_wconf 83' lang='lat' dir='ltr'>Quid</span> <span class='ocrx_word' id='word_1_264' title='bbox 358 2704 451 2743; x_wconf 91' lang='lat' dir='ltr'>huic</span> <span class='ocrx_word' id='word_1_265' title='bbox 469 2702 534 2742; x_wconf 89' lang='lat' dir='ltr'>hic</span> <span class='ocrx_word' id='word_1_266' title='bbox 553 2700 767 2753; x_wconf 75' lang='lat' dir='ltr'>negoti&#39;st?</span> <span class='ocrx_word' id='word_1_267' title='bbox 849 2699 927 2739; x_wconf 90' lang='lat' dir='ltr'>M1.</span> <span class='ocrx_word' id='word_1_268' title='bbox 961 2699 1075 2738; x_wconf 93' lang='lat' dir='ltr'>Tune</span> <span class='ocrx_word' id='word_1_269' title='bbox 1094 2698 1166 2739; x_wconf 86' lang='lat' dir='ltr'>has</span> <span class='ocrx_word' id='word_1_270' title='bbox 1185 2698 1370 2752; x_wconf 81' lang='lat' dir='ltr'>pepulisti</span> <span class='ocrx_word' id='word_1_271' title='bbox 1388 2699 1519 2740; x_wconf 76' lang='lat' dir='ltr'>fores?</span> 
     </span>
    </p>
   </div>
   <div class='ocr_carea' id='block_1_16' title="bbox 107 2764 1568 2818">
    <p class='ocr_par' dir='ltr' id='par_1_26' title="bbox 107 2743 1667 2828">
     <span class='ocr_line' id='line_1_37' title="bbox 107 2764 1568 2818; baseline -0.004 -5"><span class='ocrx_word' id='word_1_272' title='bbox 107 2774 247 2813; x_wconf 86' lang='lat' dir='ltr'>Tacet:</span> <span class='ocrx_word' id='word_1_273' title='bbox 277 2784 348 2811; x_wconf 91' lang='lat' dir='ltr'>cur</span> <span class='ocrx_word' id='word_1_274' title='bbox 366 2783 447 2809; x_wconf 90' lang='lat' dir='ltr'>non</span> <span class='ocrx_word' id='word_1_275' title='bbox 466 2768 561 2807; x_wconf 90' lang='lat' dir='ltr'>ludo</span> <span class='ocrx_word' id='word_1_276' title='bbox 579 2767 687 2806; x_wconf 88' lang='lat' dir='ltr'>hunc</span> <span class='ocrx_word' id='word_1_277' title='bbox 708 2765 1018 2818; x_wconf 80' lang='lat' dir='ltr'>aliquantisper?</span> <span class='ocrx_word' id='word_1_278' title='bbox 1044 2764 1187 2805; x_wconf 86' lang='lat' dir='ltr'>melius</span> <span class='ocrx_word' id='word_1_279' title='bbox 1206 2770 1289 2814; x_wconf 85' lang='lat' dir='ltr'>est;</span> <span class='ocrx_word' id='word_1_280' title='bbox 1543 2767 1568 2806; x_wconf 87' lang='grc'>5</span> 
     </span>
    </p>
   </div>
   <div class='ocr_carea' id='block_1_17' title="bbox 110 2831 1279 2892">
    <p class='ocr_par' dir='ltr' id='par_1_27' title="bbox 110 2831 1279 2892">
     <span class='ocr_line' id='line_1_38' title="bbox 110 2831 1279 2892; baseline -0.009 -12"><span class='ocrx_word' id='word_1_281' title='bbox 110 2837 447 2892; x_wconf 86' lang='lat' dir='ltr'>Quandoquidem</span> <span class='ocrx_word' id='word_1_282' title='bbox 466 2835 542 2875; x_wconf 89' lang='lat' dir='ltr'>hoc</span> <span class='ocrx_word' id='word_1_283' title='bbox 561 2846 768 2885; x_wconf 83' lang='lat' dir='ltr'>nunquam</span> <span class='ocrx_word' id='word_1_284' title='bbox 788 2832 843 2870; x_wconf 92' lang='lat' dir='ltr'>mi</span> <span class='ocrx_word' id='word_1_285' title='bbox 863 2831 946 2884; x_wconf 86' lang='lat' dir='ltr'>ipse</span> <span class='ocrx_word' id='word_1_286' title='bbox 966 2831 1091 2870; x_wconf 76' lang='lat' dir='ltr'>voluit</span> <span class='ocrx_word' id='word_1_287' title='bbox 1110 2831 1279 2872; x_wconf 79' lang='lat' dir='ltr'>cre-dere.</span> 
     </span>
    </p>
   </div>
   <div class='ocr_carea' id='block_1_18' title="bbox 1612 1234 1670 3080">
    <p class='ocr_par' dir='ltr' id='par_1_28' title="bbox 1612 1234 1670 3080">
     <span class='ocr_line' id='line_1_39' title="bbox 1612 1234 1670 3080; baseline 0 0"><span class='ocrx_word' id='word_1_288' title='bbox 1612 1234 1670 3080; x_wconf 95' lang='lat' dir='ltr'> </span> 
     </span>
    </p>
   </div>
  </div>
 </body>
</html>
