1670 3080
487 154 643 186 Acriis
684 154 762 186 111.
834 155 999 187 SCENA
1034 155 1090 187 11.
1494 140 1557 187 53

87 236 207 282 Quod
225 251 313 278 eam
332 251 397 278 me
418 252 551 279 amare
572 241 846 294 suspicata’st?
931 242 1012 281 GN.
1053 240 1124 280 Nil
1142 241 1288 281 minus.
1505 245 1556 282 45

87 303 219 344 Immo
238 318 340 358 auge
359 307 486 359 magis
501 308 779 361 suspicionem.
865 308 943 348 ΤΗ.
985 309 1094 348 Cur?
1180 309 1260 348 GN.
1301 308 1464 362 Rogas?

86 371 204 420 Scin’,
227 372 259 412 si
279 373 438 425 quando
458 373 526 414 illa
544 375 790 415 mentionem
813 375 1010 415 Phaedriae

84 437 207 488 Facit,
229 445 298 479 aut
316 441 349 479 si
366 440 504 481 laudat
516 457 524 466 ·
556 448 594 481 te
614 447 659 482 ut
676 443 782 482 male
802 443 920 482 urat?
975 443 1054 482 ΤΗ.
1097 442 1243 483 Sentio.

88 506 170 546 Gn.
211 507 260 546 Id
279 513 324 547 ut
342 522 393 547 ne
413 508 494 558 fiat,
516 509 604 549 haec
623 524 686 549 res
706 510 840 549 sola’st
857 510 1047 550 remedio.

81 573 162 613 Ubi
183 575 407 615 nominabit
427 577 666 626 Phaedriam,
688 582 733 617 tu
754 577 1008 630 Pamphilam
1508 582 1562 619 50

81 641 282 682 Continuo
299 657 307 681 :
339 643 371 683 si
391 644 551 700 quando
570 644 640 684 illa
659 645 776 694 dicet,
800 644 1028 684 Phaedriam

82 707 401 749 Intromittamus
421 711 720 750 commissatum
737 725 746 750 ε
779 711 1032 765 Pamphilam

81 774 266 824 Cautum,
288 781 343 826 tu,
365 792 649 831 provocemus:
680 778 713 818 si
732 778 910 818 laudabit
928 779 1017 819 haec

84 842 197 882 Illius
216 844 387 884 formam
404 859 413 884 :
446 851 491 885 tu
508 845 628 898 hujus
648 853 808 886 contra:
839 846 1012 900 denique

82 909 160 949 Par
179 916 223 950 tu
241 912 329 964 pari
347 913 503 961 referto,
528 913 634 966 quod
653 926 742 952 eam
762 913 955 952 mordeat.
1507 916 1560 954 55

81 977 159 1017 ΤΗ.
201 978 241 1018 Si
261 979 422 1032 quidem
440 994 506 1020 me
526 986 689 1030 amaret,
711 986 797 1020 tum
816 981 917 1020 istuc
937 980 1152 1034 prod·,„3et,
1177 980 1353 1021 Gnatho.

83 1044 165 1083 GN.
206 1045 378 1089 Quando
398 1045 497 1085 illud
517 1046 625 1100 quod
645 1053 688 1086 tu
707 1047 789 1096 das,
812 1053 1017 1101 exspectat
1035 1053 1154 1101 atque
1175 1054 1296 1097 amat,
1361 1050 1363 1052 ’

82 1111 107 1150 J
111 1125 176 1150 am
196 1111 348 1151 dudum
367 1117 406 1152 te
426 1119 535 1152 amat
551 1127 559 1152 :
586 1114 673 1167 jam
694 1113 846 1153 dudum
865 1113 923 1152 illi
941 1113 1058 1153 facile
1078 1113 1134 1163 fit,

82 1177 199 1223 Quod
218 1178 350 1218 doleat
366 1194 375 1219 :
405 1181 550 1220 metuit
569 1195 736 1234 semper,
759 1195 879 1234 quem
899 1181 987 1234 ipsa
1005 1195 1114 1221 nunc
1136 1181 1244 1235 capit

83 1244 286 1294 Fructum,
307 1259 359 1286 ne
379 1247 539 1300 quando
557 1247 681 1287 iratus
701 1234 745 1287 tu
764 1247 841 1287 alio
862 1248 1055 1287 conferas.
1511 1250 1567 1287 60

82 1311 160 1351 Tu.
201 1313 310 1353 Bene
331 1314 461 1353 dixti?
489 1328 535 1354 ac
554 1314 656 1354 mihi
675 1315 776 1354 istuc
796 1329 879 1354 non
898 1316 941 1355 in
960 1322 1139 1355 mentem
1159 1321 1334 1356 venerat.

85 1376 166 1416 GN.
207 1377 463 1417 Ridiculum:
493 1392 575 1418 non
596 1379 703 1419 enim
724 1379 944 1432 cogitaras:
976 1385 1153 1419 ceterum

86 1443 201 1484 Idem
221 1443 297 1485 hoc
316 1450 385 1484 aut
402 1445 546 1485 melius
565 1451 650 1486 tute
668 1447 899 1497 invenisses,
922 1447 1086 1487 Thraso.

512 1646 690 1686 AcTUS
721 1630 804 1687 1111
864 1647 1046 1687 SCENA
1078 1648 1135 1687 11.

236 1761 383 1801 Tuus.
440 1761 627 1802 Tnnaso.
686 1763 906 1804 PARMENO.
967 1765 1162 1804 GNATHO.
1222 1764 1422 1804 Pr'rmAs.

84 1868 164 1908 Tu.
205 1868 356 1908 Audire
375 1881 517 1907 vocem
537 1867 622 1906 visa
641 1881 729 1906 sum
749 1866 869 1906 modo
887 1866 1045 1906 militis:

86 1937 222 1989 Atque
242 1949 381 1975 eccum
398 1949 407 1974 :
439 1934 558 1983 salve,
580 1934 637 1973 mi
656 1934 820 1973 Thraso.
907 1933 1013 1972 Tim.
1050 1934 1086 1972 Ο
1107 1932 1230 1972 nais
1249 1947 1352 1982 mea,

86 2003 228 2042 Meum
248 2002 441 2050 suavium,
464 2001 560 2055 quid
579 2001 738 2054 agitur?
767 2000 910 2053 ecquid
932 2014 1004 2039 nos
1024 2014 1134 2039 amas

84 2068 149 2108 De
173 2069 334 2109 fidicina
351 2069 479 2108 istac?
563 2068 636 2107 ΡΑ.
677 2069 809 2112 Quam
829 2067 1021 2106 venuste!
1055 2066 1163 2120 quod
1182 2067 1294 2107 dedit

85 2134 331 2188 Principium
351 2134 595 2174 adveniens!
681 2133 716 2173 T
720 2147 760 2172 u.
802 2132 1026 2172 Plurimum
1046 2132 1188 2172 merito
1210 2138 1290 2171 tuo.
1540 2134 1564 2170 5

85 2200 167 2241 GN.
206 2201 356 2240 Eamus
375 2214 469 2253 ergo
489 2200 541 2239 ad
559 2213 718 2240 coenam
736 2213 744 2238 :
776 2199 873 2252 quid
893 2200 1002 2239 stas?
1086 2199 1158 2238 ΡΑ.
1183 2199 1292 2238 Hem
1312 2198 1482 2237 alterum
1500 2213 1509 2237 z

85 2267 304 2307 Abdomini
321 2267 430 2307 hunc
450 2273 591 2307 natum
612 2267 731 2306 dicas.
817 2267 924 2305 Tfflz.
964 2266 1045 2306 Ubi
1064 2266 1135 2315 vis,
1157 2280 1239 2305 non
1259 2280 1403 2306 moror.

85 2332 158 2372 ΡΑ.
197 2333 341 2381 Adibo,
364 2338 482 2386 atque
503 2331 742 2372 assimulabo
762 2331 875 2385 quasi
895 2345 1003 2371 nunc
1024 2345 1178 2371 exeam.

86 2399 251 2449 Ituran’,
273 2400 407 2449 Thais,
429 2400 618 2453 quopiam
638 2400 709 2439 es?
792 2399 871 2438 ΤΗ.
912 2399 1042 2439 Ehem
1061 2400 1070 2438 !
1103 2400 1314 2448 Parmeno,

86 2465 195 2505 Bene
231 2466 360 2506 fecisti
377 2481 386 2505 ε
427 2466 545 2506 hodie
578 2466 694 2505 itura.
753 2466 826 2505 ΡΑ.
866 2466 986 2510 Quo?
1070 2466 1148 2505 ΤΗ.
1190 2466 1310 2515 Quid,
1340 2465 1448 2506 hunc
1483 2480 1566 2506 non

249 2532 360 2572 vides
374 2533 390 2572 ’ἒ
1516 2536 1566 2572 10

87 2599 160 2639 ΡΑ.
192 2599 332 2649 Video,
355 2606 394 2640 et
412 2608 477 2639 me
497 2600 641 2639 taedet:
671 2599 740 2638 ubi
760 2599 818 2638 vis
838 2599 943 2638 dona
963 2599 1108 2638 adsunt
1127 2599 1199 2639 tibi

87 2667 125 2705 A
147 2665 342 2707 Phaedria.
428 2667 535 2706 Tim.
576 2666 683 2711 Quid
703 2666 882 2705 stamus?
910 2679 981 2705 cur
1000 2679 1081 2704 non
1101 2665 1205 2705 imus
1223 2665 1348 2706 hinc?

88 2731 160 2771 ΡΑ.
200 2733 346 2777 Quaeso
365 2732 499 2772 hercle
518 2737 563 2771 ut
581 2732 710 2780 liceat,
731 2745 829 2785 pace
852 2732 958 2784 quod
977 2731 1046 2770 fiat
1065 2736 1148 2779 tua,

88 2797 195 2838 Dare
214 2798 307 2839 huic
328 2814 417 2853 quae
438 2799 635 2847 volumus,
658 2799 870 2839 convenire
891 2804 929 2838 et
949 2798 1133 2850 colloqui.

87 2861 195 2905 Tua.
217 2864 470 2918 Perpulchra,
492 2864 621 2914 credo,
643 2865 758 2914 dona,
779 2865 887 2904 haud
906 2865 1048 2904 nostris
1067 2863 1222 2904 similia.
1517 2866 1563 2904 15
