1670 3080
129 153 194 201 36
765 167 982 201 ANDmA.

128 255 201 294 ΡΑ.
244 255 295 294 Et
315 253 475 307 quidem
495 267 581 307 ego.
666 253 747 293 DA.
788 253 902 293 More
921 253 1130 293 hominum
1151 251 1295 301 evenit,
1315 258 1372 303 ut,
1394 254 1501 307 quod
1519 254 1594 299 sim

290 334 364 373 ego
383 325 522 359 nactus
539 319 648 368 mali,
1240 367 1241 370 Ἴ

126 387 240 429 Prius
259 388 489 427 rescisceres
509 393 562 435 tu,
586 400 705 439 quam
726 400 800 439 ego
820 386 926 439 quod
946 386 1016 424 tibi
1037 385 1170 424 evenit
1187 386 1294 425 boni.

126 454 197 494 ΡΑ.
239 454 335 492 Mea
356 453 587 506 Glycerium
607 467 697 493 suos
716 458 900 506 parentes
914 452 1100 505 repperit.
1167 452 1245 492 DA.
1279 452 1444 494 Factum
1462 454 1591 495 bene!

288 520 363 560 Cn.
404 520 539 560 Hem!
1564 525 1588 562 5

124 587 196 627 ΡΑ.
239 588 356 626 Pater
375 587 525 627 amicus
545 600 722 626 summus
741 585 867 624 nobis.
954 585 1033 624 DA·
1073 586 1196 630 Quis?
1279 587 1350 626 ΡΑ.
1388 587 1587 629 Chremes.

286 655 366 694 DA.
407 655 556 693 Narras
575 653 709 707 probe.

122 720 195 759 ΡΑ.
237 721 322 760 Nec
349 733 461 760 mora
488 719 570 759 ulla
596 724 665 768 est,
695 719 790 771 quin
812 718 898 771 jam
928 731 1094 759 uxorem
1123 719 1278 759 ducam.
1364 720 1439 763 Cn.
1478 721 1588 762 Num

283 787 350 827 ille
371 787 542 826 somniat
1544 824 1546 826 .

122 853 191 901 Ea,
214 867 303 906 quae
324 853 492 905 vigilans
512 851 663 892 voluit?
721 852 793 891 ΡΑ.
833 850 937 891 Tum
956 849 1006 891 de
1025 864 1160 905 puero,
1183 851 1327 892 Dave?
1395 853 1475 894 DA.
1505 854 1585 903 Ah,

283 919 417 958 desine
435 932 443 956 :

121 985 234 1024 Solus
255 1000 306 1034 es,
329 999 446 1038 quem
468 984 640 1037 diligunt
660 983 725 1023 Di.
813 984 887 1023 Cn.
929 983 1068 1023 Salvus
1087 996 1187 1033 sum,
1208 984 1242 1024 si
1259 983 1346 1024 haec
1365 998 1459 1026 vera
1477 992 1584 1026 sunt.

121 1051 341 1104 Colloquar.
430 1051 500 1090 ΡΑ.
541 1050 640 1095 Quis
662 1049 783 1089 homo
801 1049 877 1088 ’st2
933 1048 1115 1099 Charine,
1145 1049 1187 1088 in
1217 1055 1395 1103 tempore
1423 1051 1509 1106 ipso
1531 1052 1588 1092 mi

281 1118 456 1157 advenis.

119 1186 194 1224 Cn.
235 1186 343 1224 Bene
364 1185 525 1224 factum.
585 1184 656 1223 ΡΑ.
689 1182 878 1223 Audisti?
936 1182 1010 1222 Cn.
1051 1182 1226 1223 Omnia:
1255 1196 1341 1237 age,
1362 1198 1428 1224 me
1447 1185 1490 1225 in
1509 1121 1588 1226 nii?

280 1250 462 1290 secundis
480 1248 643 1303 respice.

89 1307 97 1311 ’
117 1315 225 1354 Tuus
245 1322 304 1355 est
322 1329 428 1355 nunc
451 1315 639 1355 Chremes
655 1329 664 1353 ε
693 1314 904 1362 facturum,
927 1327 1016 1366 quae
1035 1313 1156 1362 voles,
1178 1314 1258 1353 scio
1278 1328 1362 1355 esse
1382 1314 1528 1356 omnia.

118 1381 188 1420 ΡΛ.
230 1381 425 1421 Memini:
469 1387 587 1434 atque
613 1380 712 1421 adeo
740 1379 967 1432 longum’st,
998 1391 1071 1418 nos
1099 1378 1212 1418 illum
1241 1385 1464 1433 expectare,
1485 1381 1583 1422 dum

279 1454 404 1488 exeat.

117 1516 287 1568 Sequere
307 1515 381 1556 hac
401 1530 491 1555 me:
522 1514 629 1555 intus
648 1513 755 1568 apud
776 1513 1009 1566 Glycerium
1028 1525 1137 1552 nunc
1163 1518 1248 1553 est:
1278 1518 1333 1563 tu,
1363 1514 1489 1563 Dave,
1519 1515 1584 1555 abi

278 1581 440 1622 domum
458 1596 466 1621 :

116 1647 285 1700 Propere
306 1661 469 1697 arcesse,
490 1647 584 1687 hinc
605 1647 673 1700 qui
692 1646 874 1686 auferant
893 1658 982 1684 eam
1000 1659 1008 1683 :
1048 1644 1144 1698 quid
1163 1646 1272 1685 stas?
1309 1646 1405 1700 quid
1422 1649 1582 1688 cessas?

277 1715 356 1754 DA.
397 1715 468 1754 Eo.
1530 1719 1579 1756 15

115 1781 178 1820 Ne
199 1782 413 1835 expectetis
433 1781 529 1821 dum
549 1786 695 1820 exeant
712 1780 791 1820 huc
809 1794 817 1818 t
847 1779 955 1819 intus
974 1778 1284 1832 despondebitur
1298 1795 1314 1820 :-

117 1847 230 1887 Intus
248 1848 499 1901 transigetur,
522 1847 554 1887 si
573 1845 669 1900 quid
688 1852 757 1895 est,
780 1844 886 1898 quod
905 1851 1037 1885 restet.
1096 1844 1289 1887 Plaudite.
