1670 3080
139 130 209 179 98
538 149 783 180 HEAUTON
821 149 1205 182 TIMORUMENOS.

145 229 220 270 Cn.
260 230 367 275 Quid
394 232 506 271 tum?
589 232 655 271 SY.
695 233 756 272 Ea
779 234 1011 274 mortua‘st:
1041 234 1201 287 reliquit
1226 234 1350 275 filiam
1378 233 1607 276 adulescen-

303 297 440 337 tulam.
1348 297 1351 301 ’

142 362 204 404 Ea
221 364 359 404 relicta
376 364 470 404 huic
489 365 673 405 arraboni
693 371 752 405 est
769 379 841 419 pro
859 365 928 405 illo
947 372 1123 419 argento.
1209 368 1284 407 Cu.
1324 366 1524 420 Intelligo.

143 429 210 469 Sv.
252 429 371 470 Hanc
392 444 526 470 secum
545 431 623 470 hue
643 432 821 480 adduxit,
850 445 951 480 eam,
981 446 1071 485 quae
1099 438 1157 471 est
1180 446 1289 472 nunc
1312 433 1420 486 apud
1441 445 1606 473 uxorem

304 501 426 536 tuam.

142 562 220 602 Ca.
262 563 371 607 Quid
389 569 475 602 tum
494 564 510 603 2
585 563 651 603 Sr.
692 562 863 603 Cliniam
883 569 980 613 orat,
1002 564 1076 604 sibi
1094 569 1139 603 ut
1156 564 1198 604 id
1215 575 1324 604 nune
1343 563 1433 605 det:
1462 563 1532 604 ina
1548 563 1607 605 illi

303 632 438 666 tamen

142 692 236 734 Post
249 693 387 733 datum
402 693 450 732 iri
468 692 577 732 mille
597 707 808 733 nummum
827 707 930 747 praes
946 693 1007 734 sit.
1066 694 1142 733 Cu.
1165 694 1218 733 Et
1235 707 1339 748 praes
1353 693 1405 734 sit
1417 693 1606 748 quidem?

304 760 370 799 SY.
411 759 518 799 Hui!
1448 791 1452 795 .
1551 761 1603 800 45

141 825 318 866 Dubium
337 825 379 865 id
398 826 485 865 est?
513 839 586 878 ego
605 825 659 864 sic
678 824 828 878 putavi.
904 825 980 864 Cu.
1020 824 1128 869 Quid
1145 838 1253 864 nune
1272 825 1404 866 facere
1424 824 1604 879 cogitas?

140 892 207 932 SY.
247 893 416 945 Egone?
444 893 496 932 ad
521 892 807 931 Menedemum
832 891 923 931 ibo:
953 891 1098 940 dicam,
1124 891 1229 932 hanc
1260 906 1344 933 esse
1366 898 1526 946 captam
1553 906 1605 933 ex

139 1022 275 1062 Ditem
296 958 527 1062 gaxildliilem
545 1036 553 1061 :
583 1022 616 1061 si
634 1021 814 1071 redimat,
834 1035 1027 1075 magnum
1048 1035 1133 1062 esse
1151 1022 1194 1061 in
1215 1035 1263 1062 ea
1279 1035 1323 1062 re
1342 1022 1510 1063 lucrum.

139 1088 214 1127 Cn.
255 1089 385 1128 Erras.
451 1088 517 1127 SY.
558 1087 665 1132 Quid
682 1087 769 1127 ita?
833 1087 907 1126 Cu.
949 1088 1026 1127 Pro
1047 1086 1290 1128 Menedemo
1309 1101 1417 1130 nunc
1437 1087 1510 1128 tibi
1529 1101 1604 1142 ego

298 1167 361 1193 res
391 1153 518 1193 ondeo
536 1167 544 1192 :

138 1223 162 1242 “
175 1219 270 1259 Non
289 1167 419 1260 emeli!²
503 1220 570 1259 ΒΥ.
609 1218 718 1264 Quid
735 1219 822 1259 ais?
850 1224 985 1273 optata
1002 1218 1179 1272 loquere.
1265 1220 1341 1260 Cn.
1376 1219 1502 1274 Atqui
1521 1234 1603 1261 non

298 1291 358 1325 est
376 1299 486 1338 opuS.
1544 1287 1599 1327 50

136 1352 202 1392 Sic.
242 1353 335 1392 Non
367 1358 426 1391 est
457 1352 584 1405 opus?
667 1351 742 1391 Cn.
782 1351 876 1391 Non
907 1350 1041 1391 hercle
1074 1365 1182 1391 vero.
1268 1353 1336 1392 SY.
1376 1351 1456 1398 Qui
1482 1352 1600 1401 istuc,

294 1418 427 1457 miror.
513 1418 588 1457 Cu.
628 1418 722 1457 Jam
741 1417 852 1457 scies.

133 1485 200 1524 SY.
242 1484 378 1533 Mane,
398 1498 529 1533 mane,
557 1484 653 1538 quid
671 1489 740 1533 est,
763 1484 870 1538 quod
888 1489 971 1524 tam
990 1497 1014 1524 a
1032 1484 1146 1525 nobis
1163 1483 1340 1538 graviter
1358 1493 1600 1539 crepuerunt

293 1551 397 1591 fores
411 1551 428 1590 2

537 1749 715 1789 ACTUS
744 1749 819 1789 IV.
878 1749 1058 1790 SCENA
1089 1749 1123 1789 1.

387 1849 612 1888 Sosnuu.
671 1849 884 1889 CHREMES.
942 1848 1126 1889 Nu'rmx.
1184 1850 1333 1890 Snus.

129 1951 194 1990 So.
234 1948 323 1989 Nisi
348 1962 414 1988 me
443 1948 600 1988 animus
620 1947 734 1996 fauit,
763 1947 829 1988 hie
859 1948 1039 2000 profecto
1068 1953 1128 1988 est
1152 1948 1336 1999 annulus,
1371 1962 1491 2003 quem
1522 1963 1597 2004 ego

289 2015 488 2068 suspicor:

129 2082 180 2131 Is,
211 2082 372 2135 quicum
394 2081 573 2135 exposita
601 2085 660 2120 est
685 2085 822 2133 gnata.
899 2080 974 2119 Cn.
1013 2080 1121 2125 Quid
1146 2080 1229 2121 volt
1257 2081 1343 2132 sibi,
1369 2082 1479 2135 Syre,
1508 2082 1596 2124 haec

288 2148 411 2192 oratio
425 2149 441 2187 2

126 2214 192 2253 So.
231 2213 338 2258 Quid
364 2214 450 2252 est?
475 2212 561 2252 isne
591 2211 663 2251 tibi
690 2211 876 2252 videtur?
958 2211 1041 2250 Nu.
1082 2212 1181 2252 Dixi
1209 2212 1408 2266 equidem,
1435 2213 1504 2254 ubi
1538 2213 1595 2256 mi

286 2278 502 2327 ostendisti,
523 2278 641 2326 illico,
1642 2277 1651 2286 ²

125 2344 231 2383 Eum
252 2357 348 2383 esse.
435 2344 501 2383 So.
540 2344 597 2382 At
622 2342 716 2383 satis
742 2347 788 2382 ut
816 2341 1087 2395 contemplata
1107 2343 1227 2383 modo
1245 2343 1309 2393 sis,
1330 2358 1423 2385 mea
1443 2345 1592 2385 nutrix.
1642 2397 1648 2402 ν

286 2409 327 2448 N
331 2423 368 2448 u.
409 2409 522 2448 Satis.
875 2445 882 2453 s

125 2475 190 2514 So.
221 2474 302 2513 Abi
321 2488 427 2514 nune
447 2474 527 2514 iam
546 2473 675 2522 intro;
706 2477 823 2524 atque
841 2471 910 2511 illa
929 2471 963 2511 si
976 2471 1065 2525 jam
1082 2471 1237 2522 laverit,
1257 2473 1358 2514 mihi
1377 2474 1531 2515 nuntia.
1563 2476 1589 2516 5

125 2541 205 2580 Hic
240 2554 313 2593 ego
346 2541 475 2579 virum
506 2540 660 2579 interea
688 2538 908 2593 opperibor.
994 2539 1062 2578 SY.
1099 2538 1158 2579 Te
1190 2538 1298 2579 volt:
1326 2538 1462 2579 uideas
1494 2539 1591 2594 quid
1618 2555 1623 2557 ⁴

287 2607 408 2646 velit:
1621 2606 1635 2642 i

123 2673 270 2714 Nescio
290 2674 386 2726 quid
404 2673 523 2712 tristis
544 2676 627 2711 est:
647 2683 730 2710 non
749 2669 974 2709 oemere’st:
995 2674 1130 2709 metuo
1151 2669 1248 2722 quid
1265 2669 1327 2710 sit.
1384 2669 1460 2710 Cn.
1481 2669 1590 2716 Quid
1619 2664 1633 2706 ’ἐ

285 2739 387 2778 siet?
1619 2741 1622 2744 ’

123 2805 163 2846 N
166 2819 200 2845 ae
219 2805 305 2854 ista,
325 2804 471 2852 hercle,
491 2816 640 2856 magno
654 2802 742 2855 jam
763 2806 909 2840 conatu
926 2814 1094 2854 magnas
1112 2813 1240 2854 nugas
1260 2799 1417 2840 dixerit.
