1670 3080
533 128 690 160 Acrus
726 128 772 160 v.
843 128 1007 161 SCENA
1043 129 1120 162 111.
1458 117 1546 164 111

93 216 159 256 ΒΥ.
182 213 306 256 Modo
319 214 436 256 liceat
450 217 593 267 vivere,
608 222 667 258 est
680 204 825 272 spes—
874 216 944 257 Cr..
966 218 1098 263 Quae?
1152 218 1220 258 Sr.
1241 217 1326 258 Nos
1341 220 1555 260 esurituros

251 281 356 321 satia.

92 347 162 387 C1..
201 347 346 388 Irrides
365 347 406 387 in
427 363 468 388 re
488 354 608 399 tanta,
630 363 761 403 neque
781 364 846 390 me
867 350 1080 404 quicquam
1100 349 1263 390 consilio
1283 350 1474 403 adjuvas?

91 414 158 454 Sr.
199 414 330 454 Immo
349 421 389 455 et
405 416 461 455 ibi
480 430 587 457 nunc
607 431 707 467 sum,
730 423 771 457 et
787 432 914 471 usque
933 418 976 458 id
995 418 1060 471 egi
1078 418 1242 467 dudum,
1264 417 1361 458 dum
1379 417 1556 471 loquitur

131 479 134 482 ⁴
250 486 374 534 pater.
1077 527 1083 531 ,
1502 486 1554 522 30

91 546 143 587 Et
180 554 372 600 quantum
411 563 484 602 ego
520 539 740 604 intelligere
778 564 995 604 possum—
1055 551 1124 590 Cn.
1164 551 1298 596 Quid?
1354 552 1421 591 Sr.
1461 551 1554 590 Non

251 614 377 654 aberit
394 615 564 669 longius.

91 680 159 719 Cn.
200 681 307 725 Quid
337 682 379 721 id
411 683 532 735 ergo?
615 683 681 723 Sr.
723 683 787 723 Sic
818 689 889 732 est,
919 697 1000 723 non
1027 697 1111 723 esse
1136 683 1279 723 horum
1304 689 1342 723 te
1371 683 1550 723 arbitror.

252 748 321 787 CL.
361 748 441 792 Qui
460 749 572 797 istuc,
595 749 722 802 Syre?

91 813 212 853 Satin’
233 827 350 853 sanus
370 815 438 854 es?
522 816 588 855 Sr.
630 816 717 868 Ego
743 816 886 865 dicam,
909 816 1016 870 quod
1036 817 1093 856 mi
1120 817 1163 856 in
1188 822 1367 857 mentem
1397 821 1479 856 est:
1511 825 1554 855 tu

249 881 436 934 dijudica.

88 946 198 990 Dum
217 947 300 987 istis
318 948 426 988 fuisti
445 948 561 997 solus,
583 950 677 990 dum
698 949 808 989 nulla
827 950 904 990 alia
923 949 1144 998 delectatio,

88 1014 190 1058 Quae
207 1015 367 1068 propior
385 1020 498 1064 esset,
520 1021 559 1055 te
577 1016 863 1070 indulgebant3
895 1016 966 1056 tibi
985 1017 1152 1056 dabant:
1182 1029 1290 1056 nunc
1309 1016 1393 1056 filia
1501 1020 1552 1056 35

89 1078 304 1133 Postquam
325 1086 384 1120 est
401 1081 576 1130 inventa,
594 1082 760 1122 inventa
779 1096 873 1122 vero
888 1088 952 1122 est
971 1096 1100 1132 causa,
1123 1096 1203 1136 qua
1221 1089 1260 1122 te
1279 1082 1534 1136 expellerent.

88 1146 156 1185 Cr..
197 1146 271 1187 Est
288 1147 513 1187 verisimile.
591 1149 658 1188 SY.
689 1149 757 1188 An
778 1154 822 1188 tu
841 1149 890 1188 ob
910 1155 1120 1202 peccatum
1139 1149 1215 1189 hoc
1235 1155 1318 1189 tam
1338 1163 1422 1189 esse
1441 1149 1554 1189 illum

245 1212 391 1253 iratum
408 1215 555 1267 putas?

87 1279 156 1318 Cn.
194 1279 290 1320 Non
308 1281 487 1321 arbitror.
573 1282 640 1321 Sr.
680 1282 721 1321 N
722 1295 800 1321 unc
821 1281 930 1321 aliud
949 1288 1084 1335 specta
1100 1297 1109 1321 z
1140 1289 1286 1322 matres
1307 1297 1443 1324 omnes
1476 1283 1552 1322 iliis

88 1345 138 1384 In
157 1351 320 1398 peccato
339 1345 562 1399 adjutrices,
585 1347 733 1387 auxilio
752 1348 793 1387 in
814 1354 980 1401 paterna
999 1348 1146 1401 injuria

87 1411 223 1452 Solent
237 1426 320 1452 esse
337 1427 345 1452 :
366 1413 409 1453 id
426 1427 507 1453 non
523 1414 579 1454 fit.
639 1415 709 1454 Cn.
732 1415 884 1454 Verum
899 1415 996 1455 dicis
1014 1430 1022 1454 τ
1045 1416 1139 1470 quid
1159 1430 1254 1469 ergo
1273 1430 1380 1457 nunc
1397 1415 1550 1464 faciam,

247 1479 346 1532 Syre
357 1480 375 1520 ἲ
1497 1486 1552 1523 40

87 1546 154 1585 Sr.
192 1546 465 1599 Suspicionem
485 1547 611 1587 istanc
631 1561 682 1586 ex
701 1547 778 1586 illis
798 1561 951 1600 quaere:
981 1561 1067 1588 rem
1086 1549 1218 1602 profer
1236 1549 1369 1603 palam
1386 1564 1394 1590 ε
1425 1557 1504 1598 aut,

87 1613 127 1652 Si
144 1626 227 1652 non
247 1618 306 1653 est
325 1627 476 1662 verum,
498 1614 549 1654 ad
567 1615 878 1654 misericordiam
897 1616 1034 1655 ambos
1053 1616 1225 1656 adduces
1245 1617 1322 1656 cito
1338 1632 1348 1665 ;

85 1681 170 1719 Aut
188 1679 316 1729 scibis,
337 1680 450 1733 cujus
468 1681 532 1720 sis.
592 1682 661 1721 CL.
703 1682 828 1722 Recte
848 1682 1013 1722 suades:
1044 1684 1200 1723 faciam.
1259 1686 1326 1724 Sr.
1358 1686 1427 1725 Sat
1443 1692 1550 1725 recte

244 1746 320 1786 hoe
339 1746 440 1787 mihi

85 1812 134 1852 In
152 1819 329 1854 mentem
349 1814 480 1854 venit:
511 1827 684 1868 namque
705 1814 949 1864 adulescens,
973 1829 1093 1868 quam
1112 1816 1154 1856 in
1174 1816 1342 1857 minima
1362 1831 1430 1871 spe
1452 1819 1548 1858 situs

245 1881 330 1930 erit,

83 1946 184 1986 Tam
201 1946 400 1986 facillume
419 1947 540 2001 patris
558 1960 699 2000 pacem
718 1947 760 1986 in
779 1946 886 2000 leges
906 1948 1090 1988 conficiet
1109 1963 1209 1989 suae.
1493 1955 1543 1991 45

83 2013 215 2052 Etiam
233 2012 341 2053 haud
359 2013 450 2061 scio,
472 2027 576 2052 anne
595 2027 762 2053 uxorem
781 2014 924 2052 ducat:
955 2028 1000 2053 ac
1022 2015 1120 2068 Syro
1139 2015 1197 2055 nil
1215 2016 1410 2069 gratiae—

83 2079 189 2124 Quid
224 2079 299 2118 hoc
337 2080 496 2120 autem?
537 2093 659 2120 senex
692 2079 774 2119 exit
805 2080 932 2119 foras:
978 2094 1051 2133 ego
1083 2081 1220 2135 fugio:
1270 2083 1400 2124 adhuc
1440 2085 1544 2138 quod

239 2147 450 2196 factum’st,

65 2211 219 2273 'Mirum
247 2226 327 2252 non
351 2213 472 2266 jusse,
501 2227 567 2254 me
599 2213 725 2266 abripi
754 2212 874 2253 hinc:
905 2227 1012 2254 nunc
1040 2215 1091 2254 ad
1121 2215 1410 2259 Menedemum
1435 2218 1542 2259 hunc

239 2292 416 2332 pergam.

82 2343 185 2383 Eum
204 2344 304 2384 mihi
321 2351 566 2398 precatorem
585 2359 681 2399 paro
698 2360 706 2384 :
737 2345 821 2385 seni
840 2351 973 2385 nostro
994 2346 1051 2386 nil
1070 2347 1163 2387 fidei
1181 2347 1322 2390 habeo.

498 2545 676 2586 ACTUS
708 2546 758 2585 V.
819 2547 1000 2587 SCENA
1031 2547 1113 2587 ΙΙΙ.

559 2647 785 2687 δοεΤκΑτΑ.
845 2649 1059 2690 CHREMES.

85 2744 149 2787 So.
188 2747 378 2796 Profecto,
399 2748 476 2788 nisi
495 2762 610 2788 caves
629 2754 673 2789 tu
691 2749 822 2799 homo,
846 2750 994 2804 aliquid
1011 2757 1134 2804 gnato
1154 2752 1338 2794 conficies
1356 2755 1452 2796 mali
1468 2770 1486 2810 εν

86 2813 210 2868 quue
230 2815 328 2855 adeo
346 2816 478 2866 miror,
501 2817 700 2870 quomodo
768 2862 773 2865 ,
