1670 3080
468 138 626 173 Aemus
663 137 740 173 111.
811 141 975 174 sanA
1011 137 1087 174 111.
1446 128 1530 177 131

84 226 218 269 Homo
236 228 285 269 de
304 228 539 282 improviso:
570 229 692 282 coepit
711 229 892 278 clamare,
925 233 950 252 “
966 230 1002 269 Ο
1021 229 1223 280 AEschine,

82 296 275 336 Haeccine
294 296 446 349 flagitia
464 296 597 335 facere
617 296 686 335 te?
713 296 800 336 haec
820 302 859 336 te
880 297 1087 336 admittere

82 362 255 416 Indigna
272 377 419 416 genere
438 363 632 402 nostro?’'
689 363 767 402 De.
809 363 871 402 Oh
891 363 900 402 !
930 362 1107 416 lacrymo
1124 363 1282 416 gaudio.
1488 368 1539 406 55

81 429 148 468 SY.
189 433 214 452 “
229 429 324 470 Non
343 435 387 469 tu
405 428 480 469 hoc
499 434 715 482 argentum>
730 420 875 482 perdis,
898 430 968 469 sed
987 429 1111 469 vitam
1131 429 1285 469 tuam.’'

79 495 158 535 DE.
199 495 335 535 Salvos
355 496 416 543 sit,
437 509 573 548 sper03
605 495 681 535 erit
699 495 837 535 similis
857 496 1053 549 majorum
1074 509 1202 536 suum.
1291 496 1356 535 SY.
1399 496 1511 537 Hui!

79 561 158 601 Dm.
197 562 307 614 Syre,
327 561 668 614 praeceptorum’st
686 561 828 614 plenus
845 561 1010 600 istorum
1029 561 1108 601 isse.
1194 563 1260 602 SY.
1302 562 1415 615 Phy!

19 678 22 680 -
78 627 202 667 Domi
219 627 368 676 habuit,
389 628 496 668 unde
516 628 697 668 disceret.
783 627 862 667 Dn.
904 628 969 667 Fit
987 628 1122 668 sedulo
1140 643 1149 668 :

79 694 149 734 Nil
167 695 427 748 praetermitto
444 709 452 734 :
484 694 734 742 consuefacio
750 708 759 734 :
790 694 973 747 denique,
1491 700 1544 736 60

79 761 291 815 Inspicere,
314 768 504 816 tanquam
524 762 567 801 in
587 761 802 815 speculum,
823 762 864 801 in
885 762 986 801 vitas
1006 762 1186 802 omnium

78 829 209 869 Jubeo
226 844 235 869 ε
266 835 384 883 atque
404 843 455 869 ex
475 829 560 869 aliis
581 843 735 869 sumere
755 829 984 882 exemplum
1004 829 1090 869 sibi.

78 899 103 918 ‘⁸
120 896 210 936 Hoc
224 896 384 936 facito.’'
432 897 499 936 ΒΥ.
521 896 644 936 Recte
660 909 767 935 sane.
817 896 896 935 DE.
920 899 944 919 “
961 894 1051 936 Hoc
1067 896 1234 949 fugito.'’
1283 897 1350 936 ΞΥ.
1374 896 1537 937 Callide.

77 963 156 1002 Da.
181 966 205 986 ‘⁴
221 964 312 1003 Hoc
326 962 436 1003 laudi
451 963 550 1003 est.''
598 964 664 1002 Sr.
686 963 802 1003 Istaec
817 976 880 1002 res
895 968 966 1002 est.
1011 962 1090 1002 DE.
1114 966 1138 985 “
1154 962 1245 1002 Hoc
1260 963 1357 1003 vitio
1372 963 1528 1004 datur-’⁹

78 1029 144 1068 ΞΥ.
167 1029 429 1069 Probissume.
488 1029 567 1069 Da.
589 1029 711 1068 Porro
730 1034 876 1068 autem.
935 1029 1002 1068 Sv.
1024 1028 1119 1068 Non
1139 1028 1272 1069 hercle
1291 1030 1468 1070 otium’st
1488 1034 1540 1070 65

76 1094 195 1135 Nunc
214 1094 271 1134 mi
290 1093 539 1134 auscultandi
555 1108 564 1133 :
594 1094 721 1148 pisces
741 1108 793 1133 ex
812 1094 1012 1134 sententia

75 1160 228 1200 Nactus
247 1174 358 1200 sum:
386 1159 431 1199 hi
449 1160 548 1200 mihi
569 1174 618 1200 ne
638 1166 953 1213 corrumpantur,
975 1161 1178 1200 cautio'st:

47 1257 51 1263 .
76 1228 182 1267 Nam
202 1228 244 1267 id
261 1228 374 1268 nobis
394 1233 477 1267 tam
495 1227 754 1281 flagitium'st,
777 1241 897 1281 quam
916 1227 996 1276 illa,
1020 1229 1056 1267 Ο
1077 1228 1243 1277 Demea,

75 1294 168 1334 Non
187 1295 317 1335 facere
338 1295 461 1344 vobis,
483 1296 604 1335 modo
625 1309 715 1348 quae
735 1295 860 1334 dixti:
891 1300 940 1343 et,
962 1294 1069 1347 quod
1088 1308 1202 1348 queo,

76 1362 283 1401 Conservis
303 1361 354 1401 ad
373 1361 545 1401 eundem
563 1361 693 1401 istunc
711 1360 901 1414 praecipio
919 1360 1108 1400 modum:
1493 1363 1544 1403 70

75 1429 166 1468 Hoc
186 1427 394 1476 salsum’st,
414 1427 492 1468 hoc
512 1427 758 1475 adustum’st,
779 1426 855 1466 hoc
874 1426 1080 1466 lautum'st
1097 1441 1239 1480 pamm
1256 1442 1265 1466 :

75 1495 182 1534 Illud
200 1500 329 1535 recte:
358 1495 504 1534 iterum
523 1494 578 1534 sic
597 1498 800 1533 memento
816 1507 825 1532 :
857 1492 994 1533 sedulo

74 1563 238 1612 Moneo,
260 1576 349 1616 quae
368 1577 528 1616 possum
547 1576 619 1615 pro
637 1575 729 1600 mea
747 1561 968 1614 sapientia:

73 1629 289 1678 Postremo,
311 1635 502 1681 tanquam
522 1628 564 1667 in
585 1626 801 1680 speculum,
823 1627 864 1666 in
883 1626 1054 1679 patinas,
1078 1627 1245 1676 Demea,

74 1696 276 1749 Inspicere
289 1695 424 1748 jubeo,
446 1700 486 1734 et
503 1707 659 1742 moneo,
682 1693 777 1746 quid
796 1693 901 1731 facto
919 1706 1014 1734 usus
1034 1692 1094 1732 sit.
1486 1695 1542 1738 75

73 1762 218 1815 Inepta
235 1762 322 1801 haec
342 1775 439 1809 esse,
459 1774 532 1800 nos
552 1773 641 1813 quae
660 1759 840 1807 facimus,
862 1758 989 1798 sentio
1005 1773 1014 1798 :

74 1829 226 1868 Verum
247 1828 342 1881 quid
359 1827 508 1867 facias?
535 1832 581 1865 ut
598 1825 779 1872 homo’st,
800 1825 857 1864 ita
874 1838 1026 1864 morem
1045 1838 1171 1877 geras.

73 1895 267 1947 Nunquid
285 1894 373 1934 vis?
456 1893 534 1932 DE.
575 1892 758 1931 Mentem
778 1890 888 1930 vobis
906 1890 1113 1930 meliorem
1133 1891 1228 1931 dari.

73 1963 139 2002 ΒΥ.
178 1962 241 2002 Tu
258 1975 324 2001 rus
342 1960 436 2000 hinc
454 1960 559 1999 ibis?
614 1959 694 1999 Da.
734 1957 879 1998 Recta:
931 1958 998 1997 ΒΥ.
1039 1958 1146 1999 Nam
1167 1959 1261 2012 quid
1281 1965 1324 1999 tu
1344 1959 1408 2000 hic
1427 1974 1534 2014 agas,

71 2029 161 2078 Ubi,
183 2029 313 2083 siquid
329 2029 432 2068 bene
450 2026 668 2080 praecipiaS,
689 2039 809 2066 nemo
828 2025 1104 2078 obtemperet?
1484 2031 1537 2067 80

71 2098 150 2136 Da.
190 2098 276 2150 Ego
294 2109 388 2135 vero
405 2095 499 2134 hinc
519 2095 628 2144 abeo,
651 2093 810 2148 quando
828 2093 873 2142 is,
896 2092 1155 2144 quamobrem
1174 2092 1251 2132 huc
1272 2107 1475 2142 veneram,

71 2165 156 2204 Rus
174 2164 294 2204 abiit:
323 2162 437 2202 illum
457 2175 551 2201 curo
567 2176 576 2200 ε
604 2175 732 2200 unum
750 2160 850 2199 illud
868 2160 920 2199 ad
938 2173 1003 2198 me
1023 2159 1176 2209 attinet,

71 2229 240 2274 Quando
258 2228 315 2267 ita
333 2227 416 2267 volt
433 2227 577 2266 frater:
608 2226 656 2266 de
676 2225 774 2264 istoc
794 2224 879 2278 ipse
899 2224 1053 2264 viderit.

72 2294 150 2334 Sed
169 2294 256 2348 quis
274 2293 354 2333 illic
374 2299 444 2341 est,
467 2306 587 2345 quem
606 2291 723 2331 video
742 2290 909 2344 procul?
937 2296 1047 2330 estne
1069 2290 1203 2344 Hegio

70 2361 241 2401 Tribulis
259 2360 420 2400 noster?
448 2359 481 2398 si
499 2358 592 2398 satis
612 2371 742 2406 cerno,
764 2357 797 2397 is
814 2356 947 2396 hercle
964 2373 972 2396 ι
1003 2356 1082 2396 vah
1099 2357 1108 2396 Ξ
1483 2362 1533 2400 85

72 2428 206 2468 Homo
225 2427 375 2468 amicus
393 2426 506 2466 nobis
519 2425 606 2478 jam
625 2424 719 2465 inde
738 2438 762 2464 a
779 2438 903 2478 puero
920 2438 928 2463 ε
960 2424 1015 2464 Di
1033 2425 1139 2473 boni,

71 2495 148 2534 Nae
166 2493 380 2534 illiusmodi
393 2492 480 2545 jam
498 2505 648 2544 magna
666 2490 780 2531 nobis
799 2490 947 2530 civium

73 2561 316 2610 Paenuria’st‚
338 2560 503 2613 antiqua
520 2559 664 2598 virtute
684 2571 730 2598 ac
750 2558 840 2597 fide.

74 2628 196 2668 Haud
214 2628 292 2668 cito
310 2626 406 2668 mali
425 2626 521 2679 quid
540 2631 671 2665 ortum
690 2638 742 2664 ex
758 2624 834 2665 hoc
854 2624 905 2663 sit
922 2623 1093 2677 publice.

74 2696 203 2739 Quam
222 2694 377 2748 gaudeo
393 2707 402 2733 ε
431 2693 501 2732 ubi
520 2692 640 2732 etiam
658 2690 776 2743 hujus
795 2691 951 2743 generis
969 2690 1156 2743 reliquias
1483 2696 1536 2732 90

28 2777 30 2779 ’
74 2761 238 2802 Restare
255 2761 382 2809 video,
402 2761 536 2799 vivere
555 2759 677 2799 etiam
696 2771 803 2798 nunc
821 2757 943 2798 lubet.

76 2829 269 2882 Opperiar
285 2827 490 2867 hominem
508 2826 586 2875 hic,
605 2832 651 2866 ut
669 2825 837 2865 salutem
858 2830 898 2864 et
916 2824 1128 2877 colloquar.
