1670 3080
587 521 1064 571 EUNUCHUS.

503 759 707 803 ACTUS
746 762 780 801 I.
846 760 1058 801 SCENA
1097 761 1130 800 I.

572 864 791 903 Pnffimm.
850 861 1070 901 PARMENo.

85 967 160 1007 Pu.
200 966 307 1012 Quid
323 966 444 1019 igitur
461 964 633 1005 faciam?
659 977 742 1003 non
763 977 863 1012 eam,
885 976 936 1003 ne
955 975 1063 1003 nunc
1084 962 1246 1016 quidem

83 1035 184 1074 Cum
203 1046 378 1073 arcessor
395 1031 531 1073 ultro?
559 1045 610 1070 an
630 1030 762 1084 potius
781 1030 837 1070 ita
854 1043 920 1069 me
940 1042 1180 1084 comparem,

81 1099 174 1138 Non
193 1098 347 1152 perpeti
365 1097 619 1137 meretricum
639 1096 926 1136 contumelias?

81 1165 283 1206 Exclusit:
313 1171 498 1205 revocat:
528 1164 721 1204 redeam?
747 1178 843 1213 non,
865 1164 898 1204 si
916 1178 981 1203 me
1002 1165 1192 1204 obsecret.

81 1233 153 1273 ΡΑ.
193 1232 396 1286 Siquidem
415 1231 548 1271 hercle
567 1230 703 1285 possis,
725 1230 782 1270 nil
800 1230 920 1284 priuS,
942 1244 1073 1284 neque
1091 1231 1230 1271 fortius
1248 1245 1256 1270 :

79 1300 231 1340 Verum
250 1300 283 1340 si
300 1299 477 1353 incipies,
498 1313 628 1352 neque
647 1298 858 1352 pertendes
877 1298 1043 1347 naviter,

82 1367 215 1419 Atque
234 1365 303 1406 ubi
319 1366 403 1419 pati
421 1379 502 1405 non
520 1365 679 1418 poteris,
701 1379 794 1404 cum
814 1378 933 1404 nemo
953 1370 1125 1418 expetet.

79 1433 236 1474 Infecta
253 1446 363 1487 pace,
384 1432 487 1472 ultro
506 1432 557 1472 ad
576 1445 665 1471 eam
687 1432 830 1480 venies,
852 1431 1034 1471 indicans

79 1501 136 1540 Te
156 1513 302 1548 amare,
324 1505 364 1539 et
381 1499 484 1538 ferre
502 1511 584 1537 non
603 1511 716 1550 posse
736 1511 744 1535 :
776 1497 984 1536 actum’st:
1014 1496 1121 1540 ihcet
1141 1510 1147 1533 :

79 1566 243 1607 Peristi:
274 1565 417 1613 eludet,
437 1564 507 1604 ubi
526 1570 565 1603 te
584 1563 734 1603 victum
755 1562 933 1602 senserit.

78 1634 197 1673 Proin
217 1639 271 1681 tu,
293 1633 389 1672 dum
409 1637 468 1671 est
486 1637 655 1683 tempus,
678 1630 798 1668 etiam
819 1635 936 1682 atque
958 1628 1078 1668 etiam
1097 1628 1173 1668 hoc
1194 1628 1336 1681 cogita,

78 1700 199 1750 Here,
221 1702 322 1745 Quae
340 1713 404 1739 res
421 1699 464 1738 in
484 1712 525 1737 se
545 1711 674 1750 neque
694 1696 916 1744 consilium,
936 1710 1067 1748 neque
1087 1696 1251 1736 modum

76 1768 213 1808 Habet
230 1767 368 1815 ullum,
389 1780 477 1806 eam
497 1779 583 1804 rem
602 1764 765 1804 consilio
783 1778 920 1817 regere
939 1777 1020 1803 non
1040 1769 1162 1817 potes.

77 1834 127 1873 In
146 1847 279 1873 amore
297 1832 385 1872 haec
405 1831 540 1871 omnia
557 1831 695 1870 insunt
713 1830 809 1869 vitia
826 1844 834 1868 :
865 1828 1033 1881 injuriae,

75 1900 336 1953 SuspicioneS,
357 1897 587 1946 inimicitiae,
608 1895 786 1944 indutiae,

75 1966 242 2014 Bellum,
264 1979 344 2018 pax
362 1978 518 2004 rursum
533 1977 541 2002 ε
571 1963 725 2001 incerta
742 1961 830 2001 haec
849 1961 883 2000 si
902 1966 947 2000 tu
965 1961 1151 2014 postules,

74 2033 242 2073 Ratione
262 2037 370 2071 certa
387 2031 529 2078 facere,
550 2028 674 2069 nihilo
693 2027 782 2082 plus
802 2041 908 2081 agas,

73 2101 203 2143 Quam
223 2098 255 2138 si
274 2098 342 2138 des
361 2110 535 2150 operam,
555 2101 601 2135 ut
620 2108 712 2134 cum
731 2093 883 2133 ratione
903 2092 1091 2132 insanias.

73 2166 125 2206 Et
144 2165 249 2219 quod
265 2178 373 2204 nunc
393 2169 476 2203 tute
496 2168 629 2202 tecum
648 2161 771 2201 iratus
790 2160 951 2213 cogitas,

74 2233 210 2286 Egone
229 2231 368 2271 illam?
396 2243 485 2283 quae
504 2228 647 2268 illum?
676 2238 765 2280 quae
783 2227 879 2266 me?
908 2239 997 2278 quae
1016 2225 1124 2264 non?
1153 2224 1239 2264 sine
1260 2225 1391 2272 modo,

74 2299 178 2339 Mori
197 2313 262 2339 me
282 2298 419 2338 malim
435 2312 443 2336 :
475 2296 618 2336 sentiet
636 2294 704 2347 qui
725 2294 784 2334 vir
803 2293 902 2332 siem
920 2307 927 2331 :

73 2368 174 2407 Haec
193 2367 314 2406 verba
331 2379 413 2405 una
430 2363 628 2404 mehercle
647 2362 748 2402 falsa
766 2359 997 2413 lacrymulaq

71 2435 201 2479 Quam
220 2433 353 2473 oculos
372 2431 536 2471 terendo
554 2429 696 2470 misere
716 2428 785 2467 vix
803 2427 843 2466 vi
863 2426 1110 2479 expresserit,

72 2501 330 2553 Restinguet:
361 2504 402 2538 et
419 2503 457 2537 te
476 2496 580 2537 ultro
599 2494 820 2536 accusabit:
852 2499 892 2533 et
910 2493 1020 2532 dabis

70 2567 183 2606 Ultro
203 2566 239 2605 ei
257 2564 506 2619 supplicium.
591 2562 668 2601 Pa.
709 2562 744 2600 O
764 2560 976 2613 indignum
996 2559 1150 2599 facinus
1167 2559 1176 2598 !
1208 2572 1314 2599 nunc
1335 2573 1409 2612 ego

72 2634 124 2673 Et
139 2633 248 2672 illam
268 2631 474 2672 scelestam
494 2642 590 2677 esse,
612 2634 653 2667 et
670 2640 735 2666 me
754 2626 945 2667 miserum
965 2625 1091 2664 sentio
1109 2639 1118 2663 z

70 2701 122 2740 Et
139 2699 284 2740 taedet:
314 2704 354 2738 et
372 2710 506 2737 amore
526 2695 645 2735 ardeo
662 2709 671 2734 :
702 2699 742 2733 et
759 2693 944 2746 prudens,
966 2692 1105 2740 sciens,

71 2767 196 2807 Vivus
214 2765 429 2817 vidensque
449 2776 590 2816 pereo:
620 2775 695 2800 nec
715 2760 811 2812 quid
830 2773 947 2812 agam
967 2758 1059 2798 scio.

69 2833 141 2873 ΡΑ.
180 2832 288 2879 Quid
305 2830 426 2884 agas?
453 2828 531 2869 nisi
548 2834 594 2868 ut
612 2833 650 2867 te
669 2826 841 2867 redimas
861 2831 1020 2878 captum
1042 2838 1160 2879 quam
1182 2838 1301 2877 queas

1496 1566 1544 1602 10

1491 1900 1539 1935 15

1489 2228 1538 2264 20

1484 2563 1533 2599 25
