1670 3080
518 134 678 167 Ac'ms
715 134 793 166 111.
865 133 1030 166 sanA
1066 134 1122 165 11.
1460 120 1554 167 201

87 222 196 265 Nam
214 235 345 277 neque
365 235 444 276 quo
462 226 584 276 pacto⁴
600 235 625 262 a
642 234 708 261 me
729 221 924 270 amittam,
946 234 1091 274 neque,
1112 220 1172 260 uti
1191 220 1400 269 retineam,
1423 222 1516 262 scio.

86 290 166 331 Do.
205 289 345 343 Ipsum
363 289 464 329 istuc
485 288 541 328 mi
559 288 603 328 in
622 288 698 328 hoc
718 293 789 327 est.
879 287 961 327 AN.
1003 287 1067 327 Ne
1086 301 1230 341 pamm
1248 287 1342 327 leno
1361 287 1450 327 sies.

83 356 292 413 Numquid
310 355 376 396 hic
396 355 593 396 confecit?
667 355 744 395 Pa.
784 354 985 395 Hiccine?
1013 354 1121 408 quod
1137 354 1259 394 homo
1277 354 1562 395 inhumanissi-

243 435 354 462 mus:
1508 424 1560 461 25

83 488 336 544 Pamphilam
353 503 489 529 meam
507 487 698 530 vendidit.
786 489 865 529 Gn.
906 488 1044 533 Quid?
1070 489 1278 530 vendidit?
1352 489 1434 529 An.
1465 489 1563 529 Ain’

245 556 457 596 vendidit?

83 623 159 664 ΡΗ.
199 624 405 664 Vendidit.
518 624 598 663 Do.
639 624 772 668 Quam
804 622 1018 676 indignum
1051 623 1220 672 facinus,
1256 622 1443 663 ancillam
1481 637 1560 663 aere

244 697 395 731 emtam
415 705 498 731 suo.

81 758 159 798 Pa.
199 758 368 812 Nequeo
387 771 564 806 exorare,
585 762 631 797 ut
648 771 714 797 me
734 762 908 806 maneat,
931 762 971 796 et
990 770 1082 797 cum
1102 756 1171 796 illo
1189 762 1235 797 ut
1252 762 1381 796 mutet
1399 756 1533 805 fidem,

79 825 273 866 Triduum
299 825 375 866 hoc
393 840 401 865 :
432 826 529 865 dum
547 824 601 874 id,
623 825 729 878 quod
749 830 808 865 est
832 825 1084 878 promissum,
1106 825 1157 864 ab
1179 824 1317 864 amicis
1340 831 1551 878 argentum

240 894 376 934 aufero
393 907 401 932 :
1556 894 1559 898 '

79 960 120 1001 Si
139 973 220 1000 non
241 965 327 1000 tum
347 959 505 1008 dedero,
526 973 652 999 unam
671 963 866 1012 praeterea
883 956 1095 998 horam'ne
1115 963 1303 1012 oppertus
1323 958 1408 998 siet.
1498 962 1551 998 30

76 1027 156 1068 Do.
197 1028 384 1081 Optume.
470 1027 552 1067 ΑΝ.
593 1026 719 1066 Haud
736 1025 965 1079 longum’st‚
988 1026 1095 1079 quod
1116 1031 1213 1075 orat,
1236 1025 1387 1066 Dorio:
1418 1035 1556 1066 exoret

237 1095 322 1135 sine
340 1109 349 1134 ε

76 1163 192 1203 Idem
210 1162 276 1203 hic
296 1163 379 1211 tibi,
401 1162 509 1216 quod
527 1163 630 1202 bene
648 1162 888 1216 promeritus
907 1162 1042 1210 fueris,
1065 1161 1414 1214 conduplicaverit.

74 1230 154 1270 Do.
177 1230 312 1270 Verba
330 1230 440 1269 istaec
460 1235 566 1269 sunt.
626 1230 706 1269 AN.
729 1228 1036 1282 Pamphilamne
1051 1228 1127 1268 hac
1145 1229 1244 1268 urbe
1259 1229 1407 1283 privari
1423 1229 1554 1270 sines?

73 1297 178 1337 Tum
196 1302 392 1351 praeterea
408 1296 563 1336 horunc
583 1310 763 1336 amorem
783 1296 948 1336 distrahi
967 1297 1137 1350 poterin’
1157 1297 1271 1350 pati?

73 1365 153 1406 Do.
176 1365 320 1418 Neque
341 1378 575 1418 eg0‚-neque
590 1370 646 1404 tu.
707 1365 784 1404 Gn.
807 1364 862 1403 Di
880 1364 953 1404 tibi
972 1378 1113 1404 omnes
1132 1364 1185 1414 id,
1203 1364 1310 1419 quod
1330 1379 1372 1405 es
1391 1365 1548 1418 dignus,

235 1433 362 1473 duint.
1497 1436 1548 1472 35

72 1500 151 1540 Do.
194 1499 281 1553 Ego
300 1505 339 1540 te
359 1498 584 1552 complures
604 1499 816 1538 advorsum
836 1498 1044 1551 ingenium
1064 1513 1202 1538 meum
1220 1513 1381 1539 menses
1402 1500 1485 1549 tuli,

73 1566 366 1607 pollicitantem
386 1572 427 1606 et
445 1565 503 1605 nil
521 1566 729 1614 ferentem,
750 1565 915 1605 flentem
932 1579 940 1604 :
971 1573 1093 1614 nunc,
1116 1571 1256 1605 contra
1274 1566 1409 1606 omnia
1427 1566 1528 1615 haec,

71 1634 231 1689 Repegi,
253 1635 320 1688 qui
341 1634 409 1674 det
427 1647 560 1687 neque
580 1633 776 1686 lacrymet
792 1647 800 1672 ε
831 1632 883 1672 da
901 1632 1035 1672 locum
1054 1632 1297 1673 melioribus.

70 1702 153 1743 An.
194 1703 310 1742 Certe
335 1701 483 1751 hercle,
512 1715 587 1754 ego
612 1701 644 1740 si
672 1701 766 1741 satis
793 1700 1062 1750 commemini,
1084 1700 1156 1740 tibi
1179 1701 1341 1754 quidem
1367 1708 1427 1742 est
1452 1702 1548 1742 olim

232 1769 329 1816 dies,

70 1837 213 1883 Quoad
234 1837 348 1877 dares
375 1837 482 1886 huic,
507 1837 743 1891 praestituta.
831 1837 906 1877 ΡΗ.
947 1837 1127 1877 Factum.
1214 1838 1293 1877 Do.
1335 1839 1446 1878 Num
1473 1853 1547 1892 ego

230 1904 331 1944 istuc
350 1905 484 1958 nego?
1492 1911 1546 1946 40

69 1972 150 2012 ΑΝ.
191 1972 285 2012 Jam
317 1985 364 2011 ea
395 1971 614 2025 praeteriit'?
704 1971 784 2011 Do.
824 1971 932 2020 Non,
964 1985 1106 2012 verum
1135 1971 1223 2012 haec
1254 1972 1292 2012 ei
1322 1975 1544 2013 antecessit.

230 2039 312 2078 AN.
353 2038 447 2078 Non
465 2038 590 2092 pudet

69 2105 295 2146 Vanitatis?
378 2106 458 2145 Do.
499 2105 698 2155 Minume,
737 2106 834 2146 dum
871 2106 921 2146 ob
958 2120 1055 2146 rem.
1145 2107 1222 2147 GE.
1264 2107 1543 2148 sterculinum.

230 2173 307 2213 Pu.
347 2172 484 2221 Dorio,

69 2240 183 2280 Itane
203 2239 366 2280 tandem
384 2240 515 2279 facere
535 2241 717 2293 oportet?
800 2240 879 2280 Do.
921 2241 985 2281 Sic
1006 2255 1118 2281 sum:
1150 2242 1183 2281 si
1201 2242 1352 2295 placeo,
1373 2250 1496 2283 utere.

70 2309 151 2348 An.
192 2307 347 2347 Siccine
366 2306 475 2346 hunc
495 2307 677 2360 decipis?
745 2307 826 2347 Do.
868 2308 1001 2347 Immo
1022 2309 1227 2349 enimvero
1246 2309 1325 2360 hic,
1349 2311 1541 2365 Antipho,

228 2388 293 2414 me
313 2374 486 2427 decipit:
841 2418 844 2421 ,

69 2441 176 2483 Nam
216 2441 283 2481 hic
319 2455 385 2480 me
427 2440 659 2495 hujusmodi
701 2441 828 2482 scibat
870 2455 955 2482 esse
973 2456 982 2481 t
1032 2456 1106 2496 ego
1148 2442 1256 2484 hunc
1300 2458 1385 2485 esse
1429 2445 1544 2485 aliter

230 2507 402 2548 credidi:
1488 2515 1539 2551 45

72 2575 152 2616 Iste
170 2589 235 2615 me
255 2575 395 2615 fefellit
410 2590 420 2625 3
453 2589 527 2629 ego
546 2575 612 2615 isti
631 2576 756 2616 nihilo
776 2590 865 2617 sum
885 2577 1000 2617 aliter
1019 2592 1066 2618 ac
1085 2578 1155 2618 fui.

71 2641 149 2681 Sed
166 2647 212 2682 ut
228 2648 274 2682 ut
290 2642 379 2682 haec
399 2648 502 2691 sunt,
524 2647 660 2682 tamen
679 2642 755 2684 hoc
774 2644 920 2684 faciam
936 2659 945 2693 ;
968 2659 1055 2685 cras
1073 2659 1192 2685 mane
1213 2653 1425 2700 argentum
1444 2648 1543 2688 mihi

72 2706 192 2748 Miles
211 2709 304 2748 dare
324 2723 364 2748 sc
385 2709 511 2748 dixit:
542 2709 575 2748 si
593 2708 694 2749 mihi
712 2710 820 2763 prior
840 2717 884 2751 tu
902 2711 1091 2761 attuleris,
1114 2712 1311 2763 Phaedria,

73 2773 170 2816 Mea
186 2775 274 2829 lege
293 2782 407 2826 utar3
437 2781 483 2817 ut
500 2776 552 2816 sit
568 2777 709 2829 potior,
730 2777 838 2831 prior
856 2778 908 2818 ad
927 2779 1104 2820 dandum
1125 2781 1193 2834 qui
1214 2786 1284 2821 est.
1344 2780 1458 2821 Vale.

798 2903 868 2940 113
