1670 3080
117 144 212 191 112
511 160 756 191 HEAUTON
794 159 1178 191 TIMORUMENOS.

114 246 215 286 Tam
235 246 415 299 ineptum
436 247 649 299 quicquam
669 246 740 285 tibi
760 246 895 285 venire
914 246 955 284 in
976 251 1164 293 mentem,
1186 244 1243 283 mi
1261 244 1333 293 vir,
1353 243 1538 298 potuerit.
1568 250 1583 257 ²

115 311 190 351 Cu.
232 311 309 361 Oh,
330 312 484 365 pergin'
505 311 647 351 mulier
667 312 780 350 esse?
808 311 1011 350 nullamne
1039 324 1113 364 ego
1132 323 1218 350 rem
1235 323 1414 364 unquam
1431 310 1475 350 in
1494 309 1578 350 vita

273 393 364 418 mea

113 445 245 495 Volui,
268 446 364 499 quin
384 450 429 484 tu
447 445 489 484 in
510 459 557 485 ea
575 459 617 485 re
637 446 693 484 mi
712 445 957 485 adversatrix
976 445 1108 493 fueris,
1133 443 1335 484 Sostrata?
1549 445 1575 484 5

114 513 182 559 At,
205 512 238 551 si
257 511 345 564 jam
373 512 554 565 rogitem,
586 513 681 565 quid
708 517 777 561 est,
800 512 906 565 quod
934 525 1097 564 peccem
1111 525 1121 560 ;
1153 516 1223 550 aut
1249 510 1508 565 quamobrem
1534 509 1578 550 id

273 578 420 627 faeias3
450 579 615 627 nescias,

112 646 160 684 In
181 659 259 698 qua
276 659 319 685 re
339 659 446 684 nunc
466 651 548 684 tam
568 644 812 684 confidenter
829 650 966 692 restas,
988 643 1119 683 stulta.
1196 641 1264 682 So.
1302 642 1391 696 Ego
1410 643 1548 682 neseio
1560 643 1586 683 ’.Γ

111 714 185 753 ΕΗ.
227 713 357 752 Immo
381 713 456 753 scis
477 714 633 766 potius:
665 727 785 766 quam
805 713 967 766 quidem
995 711 1098 751 redit
1124 710 1177 750 ad
1206 710 1410 764 integrum
1435 710 1575 751 eadem

272 780 408 819 oratio.
468 780 533 818 So.
574 779 651 828 Oh,

111 846 273 899 Iniquos
294 860 346 894 es,
370 846 437 899 qui
456 860 522 885 me
541 852 670 885 tacere
685 845 734 884 de
754 859 796 884 re
817 851 928 884 tanta
946 843 1133 897 postules.

110 912 183 950 Cn.
225 911 318 951 Non
351 911 533 964 postulo:
563 913 650 965 jam
677 911 865 964 loquere:
903 910 1030 950 nihilo
1061 910 1195 950 minus
1224 923 1299 963 ego
1327 909 1403 950 hoc
1430 909 1576 950 faciam
1601 945 1607 948 .

270 984 416 1016 tamen.
1439 982 1442 984 ’
1525 978 1576 1019 10

111 1044 175 1082 So.
217 1043 385 1083 Facies?
468 1044 541 1082 Cn.
583 1043 747 1082 Verum.
835 1044 899 1082 So.
950 1042 1044 1082 Non
1063 1042 1175 1083 vides
1195 1048 1391 1096 quantum
1409 1042 1506 1083 mali
1525 1057 1576 1084 ex

269 1123 317 1149 ea
335 1123 377 1148 re
399 1107 572 1148 excites?

107 1174 317 1215 Subditum
336 1190 377 1215 se
397 1176 628 1229 suspicatur.
702 1176 780 1215 Cn.
821 1176 916 1214 Ain’
936 1176 1010 1215 tu?
1084 1177 1149 1216 So.
1191 1176 1306 1216 Certe
1325 1176 1381 1216 sic
1401 1177 1487 1216 erit.

106 1243 180 1281 Cn.
222 1242 431 1282 Confitere.
519 1243 583 1282 So.
624 1243 691 1282 Au
711 1243 883 1290 obsecro,
905 1242 1005 1281 istuc
1026 1243 1169 1282 nostris
1187 1242 1359 1282 inimicis
1378 1243 1464 1282 siet.

105 1310 233 1363 Egon’
254 1310 455 1359 confitear,
477 1324 612 1350 meum
633 1324 713 1349 non
735 1324 818 1349 esse
838 1309 977 1358 filium,
1001 1310 1070 1361 qui
1089 1309 1140 1349 sit
1158 1310 1302 1350 meus?

106 1378 180 1417 Cn.
221 1378 357 1422 Quid?
403 1377 557 1426 metuis,
594 1391 644 1416 ne
679 1391 772 1425 non,
806 1390 898 1416 cum
932 1377 1042 1424 velis,
1078 1377 1303 1425 convincas,
1339 1391 1424 1418 esse
1459 1377 1575 1418 illum

265 1452 378 1484 tuum
1524 1447 1573 1485 15

103 1513 168 1551 So.
191 1512 308 1557 Quod
323 1512 405 1551 filia
424 1518 483 1552 est
502 1511 694 1551 inventa?
752 1511 826 1550 Cn.
850 1510 943 1550 Non
960 1525 967 1550 :
990 1511 1070 1559 sed,
1089 1525 1167 1565 quo
1182 1513 1310 1565 magis
1325 1512 1572 1553 credundum

265 1580 350 1627 siet,

102 1645 219 1690 Quod
239 1651 298 1685 est
316 1644 533 1685 consimilis
554 1644 740 1694 moribus,
789 1695 792 1701 ἱ

103 1713 323 1752 Convinces
342 1712 469 1762 facile,
492 1727 542 1753 ex
561 1719 600 1752 te
621 1727 705 1752 esse
725 1718 888 1752 natum:
919 1726 1015 1753 nam
1034 1713 1094 1753 tui
1114 1713 1252 1754 similis
1271 1720 1331 1754 est
1348 1714 1470 1768 probe
1488 1729 1496 1754 ε

102 1779 209 1819 Nam
228 1779 286 1819 illi
305 1780 362 1819 nil
382 1781 454 1819 viti
475 1787 533 1820 est
551 1781 746 1829 relictum,
769 1781 866 1833 quin
885 1780 927 1820 id
946 1780 1086 1820 itidem
1105 1780 1156 1820 sit
1175 1781 1259 1820 tibi.

101 1846 205 1885 Tum
224 1853 417 1900 praeterea
435 1847 568 1896 talem,
590 1848 667 1887 nisi
687 1857 742 1896 tu,
764 1847 876 1887 nulla
894 1854 1050 1901 pareret
1069 1847 1208 1888 filium.
1519 1846 1572 1889 20

101 1913 179 1953 Sed
197 1914 280 1967 ipse
302 1914 511 1967 egreditur,
534 1928 654 1967 quam
675 1915 859 1954 severus!
890 1929 975 1954 rem
996 1929 1088 1955 cum
1107 1916 1253 1965 videas,
1274 1921 1446 1956 censeas.

535 2116 712 2155 ACTUS
748 2117 797 2154 V.
857 2116 1037 2155 SCENA
1069 2116 1142 2156 IV.

445 2219 661 2258 CLxTu’Ho.
721 2219 947 2258 Sos'rRA‘rA.
1007 2220 1222 2258 CHREMES.

103 2325 171 2364 CL.
213 2323 254 2363 Si
273 2336 449 2375 unquam
469 2322 594 2361 ullum
614 2322 690 2361 fuit
708 2328 874 2375 tempus
897 2330 1035 2372 mater,
1058 2338 1151 2363 cum
1170 2338 1245 2378 ego
1265 2325 1459 2380 voluptati
1480 2326 1551 2368 tibi

104 2390 275 2438 Fuerim,
298 2389 424 2429 dictus
443 2389 547 2428 filius
567 2395 657 2427 tuus
677 2394 745 2428 tua
765 2389 978 2439 voluntate,
1001 2391 1174 2441 obsecro,
1555 2399 1562 2404 “

103 2457 199 2509 Ejus
217 2461 263 2494 ut
281 2454 520 2503 memineris,
544 2460 662 2507 atque
682 2454 809 2507 inopis
830 2469 936 2495 nunc
957 2462 996 2496 te
1015 2457 1245 2497 miserescat
1262 2459 1342 2499 mei
1357 2474 1368 2509 ;

105 2523 221 2567 Quod
239 2529 331 2575 peto
351 2528 391 2561 et
410 2521 509 2569 volo,
531 2527 715 2574 parentes
735 2536 843 2561 meos
862 2529 907 2561 ut-
926 2531 1211 2564 commonstres
1229 2526 1342 2566 mihi.

106 2590 171 2628 So.
213 2589 398 2637 Obsecro,
420 2587 477 2627 mi
495 2593 627 2640 gnate,
649 2601 699 2626 ne
719 2588 819 2627 istuc
839 2589 881 2628 in
902 2590 1081 2630 animum
1100 2591 1265 2632 inducas
1284 2598 1410 2642 tuum,
1540 2597 1564 2634 5

104 2655 294 2695 Alienum
315 2669 398 2694 esse
418 2661 469 2694 te.
529 2655 596 2693 CL.
621 2655 729 2693 Sum.
790 2656 854 2695 So.
878 2656 1070 2698 Miseram
1091 2672 1167 2708 me,
1187 2659 1354 2700 hoccine
1374 2661 1562 2714 quaesisti,

265 2722 424 2760 obsecro
438 2722 454 2760 ?

103 2789 166 2827 Ita
185 2788 283 2827 mihi
303 2793 420 2840 atque
439 2787 532 2827 huic
552 2787 603 2826 sis
623 2794 830 2840 superstes,
847 2794 893 2827 ut
911 2803 962 2828 ex
981 2804 1046 2830 me
1066 2797 1184 2845 atque
1199 2805 1250 2831 ex
1267 2791 1343 2832 hoc
1362 2798 1478 2834 natus
1497 2808 1562 2835 es:

104 2855 155 2894 Et
174 2869 268 2895 cave
288 2854 463 2908 posthac,
485 2854 518 2893 si
537 2867 601 2893 me
621 2848 741 2903 aniaS‚
758 2868 936 2908 unquam
955 2857 1055 2896 istuc
1076 2857 1241 2897 verbum
1260 2871 1311 2898 ex
1329 2863 1368 2899 te
1387 2859 1562 2901 audiam-
1631 2866 1643 2903 J
