1670 3080
123 150 186 196 28
431 157 444 166 ⁴
750 163 964 194 ANDRIA.

125 264 447 316 Praetereaquam
466 262 572 315 quod
591 268 629 302 te
648 276 744 315 rogo
763 263 876 310 faxis,
899 275 1007 301 cave.

127 329 213 368 MY.
254 329 363 368 Male
401 328 510 367 dicis.
597 328 676 367 DA.
716 328 909 367 Unde’st?
954 328 1017 367 (110
1055 327 1171 366 clare.
1257 325 1345 368 ΜΥ.
1385 329 1423 369 Α
1459 329 1584 369 1101118.

290 396 369 435 DA.
410 395 488 444 Ah,
510 395 572 444 ab,
593 395 667 434 he!
1536 398 1582 436 15

125 462 279 501 Mirum
299 476 403 511 vero,
425 462 675 515 impudenter
693 461 835 500 mulier
855 461 886 499 si
905 460 1002 499 facit

122 528 332 567 Meretrix.
419 528 493 567 Cn.
532 528 598 567 Ab
618 526 772 566 Andria
791 532 849 565 est
867 525 966 574 haec,
989 532 1182 577 quantum
1201 526 1391 581 intelligo.

120 594 200 633 DA.
240 594 397 634 Adeon’
417 595 597 633 videmur
615 593 724 632 vobis
745 606 828 632 esse
847 592 991 640 idonei,

126 661 175 699 In
196 661 338 712 quibus
357 661 411 700 sie
431 660 635 699 illudatis?
718 659 793 698 Cn.
832 659 938 697 Veni
957 658 999 697 in
1019 664 1207 712 tempore.

119 726 199 765 DA.
240 728 412 780 Propera
430 727 528 766 adeo
547 740 715 779 puerum
735 725 870 765 tollere
889 725 983 765 hinc
1003 726 1052 764 ab
1067 726 1193 779 janua
1211 740 1219 767 ε
1532 730 1584 766 20

119 792 241 832 Mane
258 808 267 831 ε
299 807 394 832 cave
415 807 615 846 quoquam
632 806 683 831 ex
701 793 797 831 istoc
819 792 987 831 excessis
1006 791 1106 831 loco.

119 860 206 899 My.
248 861 302 899 Di
323 867 360 900 te
382 862 604 901 eradicent:
635 860 691 899 ita
709 873 773 899 me
792 860 976 899 miseram
996 859 1162 898 territas.

117 927 196 965 DA.
217 927 305 966 Tibi
321 927 407 966 dico
422 941 506 980 ego,
524 927 687 966 annon?
743 926 830 965 ΜΥ.
853 926 959 971 Quid
985 925 1072 964 vis?
1127 926 1206 966 DA.
1229 927 1286 966 At
1300 926 1418 966 etiam
1440 940 1554 980 rogas
1571 929 1587 967 ‘l

121 995 240 1041 Cedo,
264 995 397 1047 cujum
417 1008 584 1047 puerum
603 994 668 1033 hic
688 993 934 1046 apposuisti?
962 993 1023 1032 (110
1043 992 1152 1031 1111111.

120 1060 207 1099 My.
248 1061 311 1099 Tu
331 1060 483 1099 nescis?
558 1060 637 1099 DA.
674 1060 791 1098 Mitte
811 1059 863 1108 id,
885 1059 990 1112 quod
1009 1059 1114 1099 scio:
1145 1059 1219 1107 dic,
1242 1060 1348 1111 quod
1364 1073 1472 1112 rogo.
1530 1063 1580 1100 25

125 1127 211 1165 Mv.
252 1127 396 1166 Vestn'.
455 1127 534 1165 DA.
567 1126 717 1178 Cujus?
743 1126 895 1165 nostri?
950 1125 1037 1165 Mr.
1069 1125 1278 1179 Pamphili.
1335 1126 1415 1166 DA.
1447 1126 1554 1166 Hem
1571 1127 1581 1166 !

288 1192 413 1244 quid?
442 1191 641 1244 Pamphili
655 1193 670 1231 ?

123 1258 210 1297 ΜΥ.
252 1258 350 1306 Eho,
372 1271 505 1297 annon
526 1258 612 1296 est?
695 1257 769 1297 Cu.
809 1258 932 1297 Recte
952 1271 1026 1310 ego
1045 1271 1199 1310 semper
1215 1257 1302 1310 fugi
1320 1257 1393 1298 has
1411 1259 1579 1311 nuptias.

124 1325 203 1363 DA.
246 1326 281 1364 Ο
301 1324 454 1363 facinus
473 1324 881 1364 animadvertendum.
967 1324 1054 1363 Mv.
1091 1324 1198 1370 Quid
1215 1324 1423 1365 clamitas?

124 1392 202 1430 DA.
243 1392 425 1435 Quemne
447 1405 520 1444 ego
538 1391 624 1430 heri
643 1391 724 1432 vidi
743 1391 794 1430 ad
813 1404 882 1430 vos
901 1390 1031 1430 afferri
1050 1391 1233 1444 vesperi?

121 1457 208 1496 MY.
250 1459 285 1497 O
304 1457 508 1497 hominem
528 1458 742 1498 audacem!
829 1457 908 1496 DA.
948 1458 1126 1498 Verum:
1155 1458 1237 1498 vidi
1257 1458 1498 1500 Cantharam
1529 1461 1582 1498 30

120 1525 435 1564 Suffarcinatam.
495 1525 582 1564 MY.
624 1524 696 1564 Dis
715 1524 783 1577 pol
800 1524 931 1563 habeo
947 1524 1127 1577 gratiam,

122 1592 222 1631 Cum
243 1592 284 1630 in
304 1591 498 1644 pariundo
520 1591 668 1643 aliquot
687 1590 884 1630 affiierunt
901 1591 1047 1631 liberae.

120 1658 198 1695 DA.
239 1657 317 1696 Nae
337 1656 405 1696 illa
423 1656 537 1696 illum
556 1657 665 1696 haud
683 1657 803 1706 novit,
826 1658 937 1710 cujus
957 1671 1075 1697 causa
1093 1657 1179 1698 haec
1197 1657 1347 1711 incipit.

117 1725 315 1772 Chremes,
337 1724 370 1763 si
388 1724 559 1777 positum
586 1738 758 1777 puerum
778 1730 870 1764 ante
890 1725 995 1764 aedes
1015 1725 1166 1773 viderit,

123 1792 244 1829 Suam
263 1796 428 1842 gnatam
447 1803 528 1828 non
548 1790 657 1829 dabit
673 1805 681 1828 :
712 1796 822 1829 tanto
840 1790 972 1830 hercle
992 1791 1128 1844 magis
1139 1791 1258 1834 dabit.
1529 1795 1580 1831 35

123 1857 197 1894 Cn.
239 1856 332 1894 Non
351 1855 484 1894 hercle
503 1855 631 1895 faciet.
718 1856 798 1894 DA.
839 1856 958 1896 Nunc
979 1857 1088 1906 adeo,
1110 1863 1155 1897 ut
1173 1864 1217 1897 tu
1237 1858 1288 1898 sis
1307 1858 1445 1907 8010118,

123 1922 212 1961 Nisi
231 1936 399 1975 puerum
419 1921 534 1970 tollis,
549 1921 635 1973 jam
657 1936 729 1974 ego
748 1921 855 1961 hunc
874 1922 916 1961 in
935 1924 1107 1962 mediam
1127 1925 1234 1964 viam

122 1987 359 2027 Provolvam
376 2001 384 2026 :
415 1993 531 2039 teque
550 1987 698 2026 ibidem
717 1987 945 2039 pervolvam
965 1989 1005 2027 in
1025 1989 1120 2028 luto.

119 2055 205 2093 ΜΥ.
244 2055 306 2093 Το
324 2054 401 2107 pol,
421 2054 552 2101 homo,
575 2067 654 2092 non
675 2068 716 2093 es
735 2055 901 2094 sobrius.
986 2056 1066 2095 DA.
1106 2056 1281 2097 Fallacia

122 2122 213 2161 Alia
232 2122 351 2161 aliam
371 2121 492 2160 trudit
509 2135 517 2159 :
542 2120 628 2173 jam
647 2121 838 2160 susurrari
857 2122 986 2169 audio,
1527 2129 1584 2166 40

123 2187 260 2224 Civem
281 2185 457 2224 Atticam
478 2198 560 2223 esse
580 2184 696 2223 hanc.
783 2185 856 2224 Cn.
899 2171 1026 2225 Hem!
1085 2187 1165 2226 DA.
1206 2189 1373 2228 Coactus
1392 2189 1545 2242 legibus

129 2254 227 2292 Earn
246 2266 411 2292 uxorem
431 2252 560 2291 ducet.
646 2251 733 2290 MY.
773 2252 871 2300 Eh0‚
894 2252 1065 2301 obsecro,
1087 2267 1138 2292 an
1157 2267 1238 2294 non
1258 2255 1354 2295 civis
1374 2257 1459 2296 est?

125 2319 202 2357 Cn.
242 2318 267 2357 J
271 2317 487 2356 ocularium
506 2316 548 2356 in
567 2316 718 2356 malum
736 2317 907 2356 insciens
925 2331 1040 2370 paene
1059 2318 1190 2358 incidi.

124 2386 205 2425 DA.
247 2385 345 2429 Quis
363 2384 428 2423 hic
446 2384 648 2436 loquitur?
677 2385 712 2423 O
734 2384 913 2432 Chreme,
934 2398 1005 2437 per
1024 2390 1179 2438 tempus
1197 2386 1383 2426 advenis:

122 2451 327 2491 Ausculta.
387 2451 462 2489 Cn.
493 2450 643 2489 Audivi
655 2450 741 2502 jam
762 2450 906 2488 omnia.
965 2450 1044 2488 DA.
1075 2450 1154 2498 Ah,
1175 2464 1226 2490 ne
1246 2457 1291 2491 tu
1308 2452 1468 2492 omnia!
1529 2457 1579 2494 45

123 2519 197 2557 Cn.
229 2516 389 2564 Audivi,
410 2516 585 2569 inquam,
607 2530 631 2555 a
648 2515 852 2568 principio.
928 2516 1008 2555 DA.
1039 2517 1251 2566 Audistin',
1273 2519 1462 2560 obsecro?
1488 2520 1580 2565 hem

120 2584 295 2624 Scelera!
326 2583 429 2622 hanc
443 2582 528 2635 jam
549 2587 702 2635 oportet
719 2582 760 2620 in
782 2582 998 2621 cruciatum
1016 2582 1109 2622 hinc
1129 2584 1266 2638 abripi.

122 2650 202 2690 Hic
226 2655 287 2689 est
303 2648 393 2687 ille:
423 2661 503 2687 non
523 2654 561 2686 te
582 2647 717 2686 credas
738 2648 894 2686 Davom
913 2647 1060 2686 ludere.

121 2715 207 2756 Mv.
251 2715 323 2755 Me
343 2715 528 2754 miseram
545 2714 554 2753 !
585 2713 643 2752 nil
661 2714 727 2767 pol
746 2714 835 2753 falsi
855 2714 947 2762 dixi,
969 2715 1026 2753 mi
1044 2728 1178 2755 senex.

122 2785 195 2823 Cn.
235 2782 341 2822 Novi
361 2795 520 2820 omnem
539 2794 624 2820 rem
642 2795 650 2820 :
682 2787 740 2819 est
769 2780 876 2819 Simo
901 2780 1036 2820 intus?
1119 2781 1199 2821 DA.
1233 2781 1315 2822 Est.
1390 2783 1478 2822 My.
1518 2784 1582 2824 Ne

286 2862 351 2888 me
371 2848 525 2901 attigaS,
1528 2853 1582 2892 50
