1670 3080
571 415 1039 473 PROLOGUS.

72 648 252 690 Haemi
271 655 330 691 est
347 649 440 691 huic
458 663 606 691 nomen
626 650 794 691 fabulae:
824 651 912 692 haec
932 665 1025 692 cum
1044 652 1138 694 data
1156 659 1217 695 est

71 716 198 767 Nova,
221 718 257 757 ei
276 732 425 758 novum
444 718 660 759 intervenit
677 719 818 758 vitium
840 724 880 758 et
898 719 1114 770 calamitas,

69 781 127 822 Ut
144 795 273 836 neque
293 785 461 837 spectari
479 797 609 839 neque
629 785 814 837 cognosci
831 786 1029 839 potuerit:

70 848 135 888 Ita
153 849 322 903 populus
342 851 471 891 studio
490 851 671 905 stupidus
689 851 731 891 in
750 851 986 892 funambulo

69 914 265 955 Animum
284 922 507 970 occuparat.
565 916 686 957 Nunc
706 916 793 957 haec
811 917 931 971 plane
951 923 1012 959 est
1029 933 1102 974 pro
1120 932 1250 963 nova:

69 981 123 1022 Et
140 981 184 1031 is,
206 982 275 1035 qui
293 983 448 1036 scripsit
465 982 582 1033 hanc,
604 984 654 1023 ob
673 998 762 1024 eam
780 998 865 1025 rem
884 985 1016 1027 noluit

70 1047 221 1088 Iterum
240 1049 398 1098 referre,
418 1055 463 1090 ut
480 1049 625 1090 iterum
645 1057 778 1104 posset
796 1051 982 1095 vendere.

69 1113 181 1154 Alias
200 1115 398 1169 cognostis
418 1116 502 1169 ejus
520 1131 529 1156 :
559 1130 695 1170 quaeso
713 1117 818 1159 hanc
837 1120 1001 1160 noscite.

534 1282 725 1323 ALTER
754 1283 1066 1327 PROLOGUS.

71 1372 216 1412 Orator
234 1372 285 1412 ad
303 1386 373 1412 vos
392 1372 510 1413 venio
529 1380 671 1415 ornatu
690 1375 870 1431 prologi:

72 1439 197 1479 Sinite
216 1445 399 1479 exorator
417 1439 492 1479 sim
509 1453 519 1479 ε
549 1441 689 1481 eodem
708 1447 754 1481 ut
765 1442 856 1496 jure
875 1444 934 1484 uti
953 1457 1091 1485 senem

72 1506 220 1555 Liceat,
243 1520 321 1560 quo
335 1506 427 1560 jure
447 1520 535 1547 sum
554 1521 648 1548 usus
666 1509 968 1560 adulescentior,

70 1573 208 1618 Novas
228 1575 296 1627 qui
315 1580 475 1615 exactas
493 1575 570 1615 feci
588 1582 634 1616 ut
651 1577 997 1628 inveterascerent,

70 1640 136 1681 Ne
155 1655 247 1682 cum
266 1648 384 1695 poeta
404 1643 597 1697 scriptura
616 1651 883 1688 evanesceret.

72 1709 123 1749 In
141 1708 215 1758 his,
238 1723 336 1762 quas
354 1710 529 1763 primum
551 1711 685 1750 Caecili
705 1711 825 1752 didici
843 1726 979 1763 novaS,

72 1777 224 1817 Partim
243 1790 331 1816 sum
351 1790 489 1817 earum
509 1783 672 1818 exactus
689 1794 697 1818 :
727 1780 873 1833 partim
892 1781 960 1820 vix
979 1782 1080 1822 steti.

73 1843 178 1889 Quia
196 1843 357 1893 scibam,
379 1844 542 1884 dubiam
560 1845 761 1885 fortunam
782 1860 866 1886 esse
885 1848 1097 1899 scenicam,

73 1911 151 1964 Spe
170 1910 333 1959 incerta,
356 1917 509 1950 certum
527 1911 628 1950 mihi
646 1912 822 1952 laborem
842 1914 993 1970 sustuli.

73 1978 246 2018 Easdem
266 1991 383 2031 agere
403 1978 519 2032 coepi,
540 1985 585 2018 ut
604 1980 653 2019 ab
674 1980 816 2019 eodem
836 1981 933 2021 alias
953 1982 1144 2023 discerem

73 2045 221 2096 Novas,
244 2046 439 2096 studiose3
471 2060 521 2086 ne
541 2046 655 2086 illum
676 2047 726 2087 ab
746 2048 876 2088 studio
895 2049 1147 2091 abducerem.

75 2114 238 2163 Perfeci,
258 2120 304 2154 ut
322 2120 595 2168 spectarentur
611 2129 619 2154 :
649 2115 719 2154 ubi
738 2121 831 2155 sunt
850 2117 1033 2170 cognitae,

75 2181 239 2223 Placitae
257 2188 349 2223 sunt
365 2197 374 2222 z
404 2181 461 2222 ita
478 2187 638 2236 poetam
658 2183 811 2223 restitui
829 2183 870 2223 in
889 2183 1035 2233 locum,

75 2249 202 2304 Prope
217 2250 303 2304 jam
323 2255 532 2299 remotum,
553 2250 699 2304 injuria
718 2252 988 2292 adversarium

75 2318 141 2358 Ab
161 2318 300 2367 studio,
322 2324 441 2371 atque
461 2318 511 2358 ab
529 2317 676 2367 labore,
698 2324 817 2371 atque
837 2325 921 2359 arte
942 2320 992 2359 ab
1010 2320 1175 2361 musica.

76 2384 193 2428 Quod
211 2384 243 2424 si
263 2384 494 2437 scriptorem
514 2385 749 2437 sprevissem
765 2385 806 2424 in
826 2386 1053 2438 praesentia,

76 2449 129 2490 Et
145 2450 188 2489 in
207 2450 442 2490 deterrendo
461 2450 674 2489 voluissem
696 2464 857 2503 operam
877 2465 1047 2500 sumere,

76 2515 133 2555 Ut
149 2516 192 2555 in
212 2516 292 2555 otio
312 2521 424 2564 esset,
445 2516 583 2569 potius
598 2530 719 2569 quam
737 2517 780 2556 in
799 2518 984 2570 negotio;

78 2582 367 2623 Deterruissem
386 2582 514 2631 facile,
536 2597 586 2622 ne
608 2583 704 2623 alias
724 2583 923 2624 scriberet.

79 2649 197 2689 Nunc
217 2650 312 2702 quid
330 2656 478 2703 petam,
499 2664 591 2689 mea
611 2665 732 2690 causa
751 2665 868 2704 aequo
888 2651 1023 2691 animo
1041 2653 1248 2694 attendite.

81 2715 284 2770 Hecyram
303 2717 354 2756 ad
372 2731 443 2756 vos
461 2717 601 2766 refero,
624 2731 745 2770 quam
765 2718 864 2758 mihi
883 2732 956 2772 per
975 2719 1178 2760 silentium

81 2781 298 2835 Nunquam
318 2796 435 2836 agere
455 2783 610 2823 licitum
631 2790 714 2833 est;
745 2785 801 2823 ita
820 2798 910 2824 eam
931 2786 1124 2840 oppressit
1143 2785 1360 2828 calamitas.

85 2847 185 2888 Eam
204 2847 471 2888 calamitatem
490 2854 623 2889 vostra
641 2849 907 2902 intelligentia

802 2927 830 2952 u
851 2919 877 2958 3

1497 1991 1547 2029 10

1496 2325 1546 2365 15

1500 2657 1554 2695 20
