1670 3080
139 111 230 158 106
529 130 775 162 HEAUTON
811 130 1195 163 TIMORUMENOS.

533 284 709 323 ACTUS
740 285 814 324 IV.
873 285 1054 324 SCENA
1084 284 1184 323 VII.

490 387 704 427 CHREMES.
790 388 1007 427 Cmrn’no.
1095 387 1242 426 ὃπως.

134 489 208 528 Cn.
252 489 328 528 Ubi
349 488 520 542 Clitipho
539 490 676 530 nunc?
751 491 817 530 SY.
857 490 1006 530 Eccum
1025 502 1103 538 me,
1123 475 1256 541 inque.
1332 488 1404 528 Cr..
1442 488 1594 528 Eccum

291 555 356 595 hic
378 557 460 596 tibi.

134 622 208 661 Cn.
249 623 356 667 Quid
373 623 430 662 rei
450 629 552 662 esset
571 623 670 662 dixti
684 622 805 663 huic?
887 624 954 662 SY.
995 622 1092 662 Dixi
1111 621 1300 675 pleraque
1319 621 1467 662 omnia.

134 689 208 728 Cn.
249 689 354 742 Cape
373 689 448 728 hoc
468 695 687 742 argentum,
710 703 755 729 ac
776 689 896 729 defer.
982 689 1049 728 SY.
1090 689 1110 728 I
1128 703 1136 727 :
1167 688 1264 741 quid
1282 693 1372 737 stas,
1392 687 1523 741 lapis?

133 756 239 800 Quin
259 756 431 809 accipis?
487 757 556 795 CL.
592 756 701 796 Cedo
719 770 825 796 sane.
913 757 979 796 Sv.
1019 756 1192 808 Sequere
1210 755 1286 795 hac
1304 769 1370 795 me
1389 768 1511 808 ocyus
1528 769 1537 794 ε

132 823 193 862 Tu
211 823 276 862 hic
295 837 379 870 nos,
401 824 496 862 dum
517 824 682 872 eximus,
703 824 855 862 interea
875 823 1106 875 opperibere
1122 837 1131 861 :
1564 824 1589 861 5

131 888 237 927 Nam
257 888 357 927 nihil
377 894 447 937 est,
468 888 547 928 illic
567 889 673 941 quod
691 902 892 927 moremur
911 888 1070 928 diutius.

90 951 96 955 ’
132 954 206 993 Cn.
248 953 382 994 Minas
403 954 562 1006 quidem
575 954 662 1006 jam
683 954 821 993 decem
840 954 961 993 habet
980 968 1003 993 a
1022 967 1087 993 me
1107 953 1205 1002 filia,

130 1021 238 1065 Quas
256 1034 328 1073 pro
347 1020 545 1060 alimentis
565 1035 648 1060 esse
667 1034 774 1060 nunc
794 1021 895 1060 duco
915 1021 1026 1059 datas
1041 1035 1051 1069 ;

130 1087 263 1126 Hasce
284 1087 527 1126 ornamentis
547 1092 841 1140 consequentur
859 1087 994 1126 alterae
1010 1101 1021 1136 ς

130 1153 251 1192 Porro
269 1153 358 1193 haec
378 1153 527 1192 talenta
546 1154 647 1193 dotis
666 1160 854 1206 apposcet
873 1154 963 1193 duo.
1545 1155 1594 1193 10

129 1221 260 1264 Quam
279 1219 416 1268 multa,
433 1219 541 1272 justa
559 1220 716 1272 injusta,
738 1220 841 1259 fiunt
859 1220 1034 1260 moribus
1050 1220 1060 1260 l

129 1285 234 1325 Mihi
252 1279 371 1334 mmc,
392 1286 538 1326 relictis
557 1287 683 1335 rebus,
705 1287 972 1326 inveniundus
993 1292 1053 1326 est

130 1350 298 1403 Aliquis,
319 1351 452 1391 labore
472 1353 637 1391 inventa
656 1365 746 1391 mea
766 1351 829 1391 cui
849 1351 940 1391 dem
959 1352 1077 1391 bona.

519 1549 696 1589 ACTUS
727 1549 800 1589 IV.
861 1549 1041 1589 SCENA
1071 1550 1216 1591 V111.·

581 1650 863 1690 MENEDEMUS.
923 1651 1137 1691 CHREMES.

131 1751 216 1789 ΜΕ.
257 1749 388 1790 Multo
408 1750 588 1789 omnium
606 1764 672 1789 me
691 1764 798 1790 nunc
818 1751 1176 1792 fortunatissimum

131 1818 295 1857 Factum
315 1823 412 1870 puto
432 1831 528 1866 esse,
549 1823 670 1870 gnate
687 1832 697 1867 ;
729 1831 821 1859 cum
841 1825 879 1858 te
899 1819 1079 1872 intelligo

130 1883 340 1935 Resipisse.
412 1883 486 1921 Cn.
518 1883 574 1921 Ut
593 1883 716 1924 errat!
787 1884 872 1923 ΜΕ.
903 1885 959 1924 Te
979 1885 1110 1938 ipsum
1129 1887 1369 1939 quaerebam,
1394 1887 1564 1932 Chreme
1583 1906 1591 1927 ·.
1641 1874 1643 1877 V
1667 1902 1670 1905 ’

131 1949 262 1997 Serva,
285 1949 391 2000 quod
409 1948 451 1987 in
472 1954 510 1986 te
532 1955 600 1996 est,
623 1948 750 1988 filium
770 1955 810 1988 et
829 1964 893 1989 me
915 1957 954 1990 et
971 1952 1179 1992 familiam.

131 2016 205 2055 Cn.
249 2014 367 2063 Cedo,
390 2014 485 2067 quid
503 2014 562 2053 vis
580 2015 756 2054 faciam?
840 2016 925 2055 Mn.
966 2017 1161 2057 Invenisti
1178 2017 1296 2058 hodie
1316 2018 1454 2059 filiam.
1564 2023 1589 2060 5

131 2082 204 2121 Cn.
244 2081 350 2125 Quid
369 2081 483 2119 tum?
566 2080 652 2119 Mn.
694 2081 813 2120 Hanc
833 2095 1001 2122 uxorem
1021 2084 1096 2123 sibi
1115 2084 1201 2127 dari
1219 2085 1303 2125 volt
1322 2085 1464 2126 Clinia.

130 2149 205 2189 Cn.
254 2150 410 2196 Quaeso,
450 2147 545 2199 quid
581 2147 752 2186 hominis
790 2149 860 2187 es?
952 2149 1038 2190 Mn.
1089 2151 1225 2195 Quid?
1318 2153 1394 2192 Cn.
1443 2153 1468 2192 J
1471 2166 1590 2193 amne

291 2213 433 2266 oblitus
453 2226 505 2261 es,
1092 2240 1098 2246 -

132 2282 243 2320 Inter
260 2294 334 2319 nos
354 2279 449 2332 quid
469 2279 518 2318 sit
537 2278 687 2318 dictlun
708 2279 756 2319 de
775 2279 943 2330 fallacia,
959 2272 961 2276 ¹

131 2350 187 2388 Ut
206 2362 253 2387 ea
272 2347 336 2387 via
353 2348 422 2386 abs
441 2352 478 2386 te
498 2352 707 2399 argentum
727 2347 978 2388 auferretur?
1062 2350 1147 2390 Mn.
1189 2352 1290 2392 Scio.

133 2415 206 2454 Cu.
247 2415 306 2453 Ea
323 2427 386 2452 res
403 2426 510 2452 nunc
530 2412 659 2465 agitur
676 2412 773 2465 ipsa.
859 2413 944 2453 ΜΕ.
986 2416 1092 2460 Quid
1110 2430 1260 2468 narras,
1283 2418 1482 2460 Chreme?
1541 2423 1591 2460 10

133 2482 264 2520 Immo
283 2480 369 2519 haec
391 2479 562 2531 quidem,
584 2492 672 2531 quae
692 2479 798 2531 apud
816 2493 880 2518 me
902 2486 972 2528 est,
996 2481 1233 2536 Clitiphonis
1252 2490 1312 2525 est

133 2547 287 2586 Amica.
374 2546 447 2584 CH.
489 2546 552 2584 Ita
571 2546 682 2584 aiunt
698 2559 706 2583 :
737 2550 778 2584 et
795 2551 839 2584 tu
857 2547 982 2586 credis
1002 2549 1136 2589 omnia
1152 2564 1161 2589 ε

134 2614 186 2652 Et
203 2612 312 2652 illam
333 2612 444 2650 aiunt
462 2611 563 2650 velle
582 2624 762 2659 uxorem,
783 2617 828 2650 ut
847 2626 938 2651 cum
959 2603 1248 2667 desponderim‚

135 2680 228 2726 Des,
250 2678 317 2730 qui
336 2691 476 2716 aurum
497 2691 542 2715 ac
565 2682 712 2715 vestem
731 2682 849 2729 atque
868 2678 956 2726 alia,
979 2694 1067 2732 quae
1088 2695 1186 2734 opus
1205 2687 1308 2731 sunt,
1329 2692 1541 2738 comparet.

136 2746 222 2784 Mn.
263 2745 312 2783 Id
331 2749 389 2783 est
406 2744 608 2796 profecto:
639 2743 681 2781 id
700 2743 838 2782 amicae
859 2744 1026 2785 dabitur.
1104 2747 1179 2787 Cu.
1219 2748 1377 2789 Scilicet
1539 2754 1587 2792 15

136 2812 286 2850 Datum
305 2809 364 2848 iri.
451 2808 537 2847 Mn.
575 2807 643 2846 Ah
659 2808 668 2846 Ξ
698 2808 841 2847 frustra
860 2823 946 2848 sum
965 2810 1085 2862 igitur
1101 2813 1260 2864 gavisus
1279 2814 1409 2856 miser.
