1670 3080
541 107 700 140 Ac'rus
745 106 780 140 1.
853 107 1017 140 SCENA
1052 109 1087 140 1.
1515 94 1543 140 7

76 195 232 252 Rejecit
249 212 291 238 se
308 198 351 238 in
371 211 464 239 eum
482 197 583 238 flens
603 212 723 252 quam
742 197 1000 238 familiariter.

76 266 142 305 So.
185 265 293 310 Quid
312 266 400 306 ais?
484 266 540 305 S1.
581 266 719 306 Redeo
737 265 831 305 inde
849 265 984 314 iratus,
1006 270 1125 318 atque
1145 277 1251 318 aegre
1272 265 1413 305 ferens.
1465 269 1542 306 110

74 331 162 372 Nec
182 333 276 373 satis
295 333 348 373 ad
366 332 658 386 objurgandum
678 346 809 372 causae
826 346 835 371 :
866 331 1024 380 diceret,

73 399 182 444 Quid
198 399 306 440 feci?
333 399 429 453 quid
448 399 676 448 commerui,
699 405 768 439 aut
788 399 960 452 peccavi,
980 399 1122 451 pater?

73 466 175 510 Quae
195 480 279 506 sese
298 465 340 505 in
359 465 495 519 ignem
514 465 675 518 injicere
694 465 830 514 voluit,
852 464 1058 518 prohibui:

72 532 260 573 Servavi:
288 533 456 573 honesta
474 533 599 573 oratio
617 537 686 572 est.
772 533 838 571 So.
879 532 1002 571 Recte
1021 536 1138 584 putas

71 599 179 640 Nam
200 600 233 640 si
250 599 364 640 illum
384 599 579 653 objurges,
602 599 694 639 vitae
714 599 782 652 qui
802 597 995 638 auxilium
1015 597 1116 645 tulit,
1464 601 1538 639 116

71 665 179 710 Quid
196 666 318 705 facias
337 665 407 714 illi,
429 665 498 718 qui
517 665 669 705 dederit
687 665 880 704 damnum
901 669 971 703 aut
988 662 1169 703 malum?

70 731 127 771 Sr.
168 731 291 771 Venit
310 731 500 771 Chremes
518 730 705 784 postridie
726 730 778 770 ad
795 744 872 778 me,
895 729 1115 777 clamitans,

70 798 290 851 Indignum
309 798 489 838 facinus:
520 796 769 850 comperisse,
792 795 1048 849 Pamphihun

69 865 146 905 Pro
163 878 287 905 uxore
306 865 453 906 habere
471 865 575 905 hanc
593 864 846 918 peregrinam
864 877 872 902 :
904 876 979 916 ego
997 862 1097 902 fflud
1120 861 1257 903 sedulo

68 932 228 985 Negare
246 933 398 973 factum
414 946 424 971 z
452 932 519 972 iue
539 932 661 972 instat
677 931 829 971 sactum
847 945 855 969 ι
886 930 1058 985 denique
1460 932 1537 969 120

66 999 131 1039 lta
150 1005 235 1039 tum
255 999 411 1040 discedo
432 1000 482 1040 ab
500 999 578 1048 illo,
600 1004 646 1038 ut
665 998 733 1052 qui
752 1012 793 1038 se
812 997 937 1038 filiam

6 1108 8 1111 f
65 1065 199 1119 Neget
219 1066 416 1107 daturum.
483 1066 548 1105 So.
587 1066 681 1106 Non
702 1071 746 1105 tu
765 1065 820 1105 ibi
838 1065 1033 1118 gnatum?
1097 1065 1152 1104 S1.
1184 1064 1248 1103 Ne
1266 1063 1354 1104 haec
1375 1064 1535 1117 quidem

67 1133 170 1172 Satis
188 1132 403 1172 vehemens
423 1146 542 1172 causa
561 1132 612 1172 ad
631 1132 935 1185 objurgandum.
1023 1131 1088 1170 So.
1131 1130 1222 1179 Qui,
1246 1130 1373 1170 cedo?

65 1199 121 1238 Sr.
162 1199 264 1239 Tute
283 1199 367 1253 ipse
386 1198 448 1238 his
466 1199 585 1238 rebus
605 1198 728 1238 finem
747 1198 999 1252 praescripsti,
1019 1203 1144 1251 pater.

65 1265 191 1319 Prope
211 1265 333 1315 adest,
354 1279 446 1305 cum
468 1264 598 1304 alieno
617 1278 728 1304 more
748 1264 1017 1304 vivendum’st
1034 1264 1134 1304 mihi
1152 1279 1160 1303 :
1457 1266 1531 1302 125

64 1331 157 1372 Sine
176 1345 285 1372 nunc
303 1345 394 1371 meo
413 1346 478 1371 me
497 1332 630 1371 vivere
649 1331 801 1372 interea
820 1331 950 1372 modo.

65 1398 130 1437 So.
161 1397 242 1443 Qui
259 1397 381 1451 igitur
398 1397 557 1438 relictus
575 1403 636 1437 est
654 1398 890 1451 objurgandi
908 1398 1049 1438 locus?

65 1466 121 1505 SI.
152 1465 194 1505 Si
212 1470 373 1519 propter
391 1478 568 1504 amorem
586 1479 752 1504 uxorem
771 1465 872 1504 nolit
890 1465 1046 1513 ducere,

62 1532 123 1572 Ea
140 1531 315 1585 primum
335 1531 385 1572 ab
404 1530 472 1571 illo
492 1524 846 1572 animadvertenda
864 1532 1011 1584 injuria
1028 1532 1085 1571 ’st.

61 1599 120 1639 Et·
134 1612 241 1638 nunc
259 1598 301 1638 id
321 1612 482 1652 operam
503 1598 564 1647 do,
585 1603 630 1638 ut
649 1612 719 1652 per
737 1598 856 1638 falsas
876 1599 1034 1651 nuptias
1455 1603 1531 1638 130

63 1666 171 1706 Vera
189 1665 425 1719 objurgandi
445 1679 564 1706 causa
582 1665 642 1714 sit,
665 1666 697 1704 si
717 1666 887 1718 deneget
903 1680 911 1704 :

62 1733 189 1773 Simul
208 1732 420 1773 sceleratus
440 1733 576 1772 Davos
595 1733 628 1772 si
648 1733 743 1785 quid
762 1732 901 1772 consili

62 1800 209 1849 Habet,
230 1805 275 1839 ut
294 1805 501 1840 consumat
519 1813 639 1848 nunc,
662 1813 753 1839 cum
773 1799 874 1838 nihil
897 1799 1032 1839 obsint
1050 1798 1130 1838 doli
1149 1813 1156 1837 :

61 1868 192 1912 Quem
213 1881 287 1920 ego
306 1867 424 1907 credo
442 1867 639 1916 manibus,
660 1867 918 1920 pedibusque,
939 1866 1086 1905 obnixe
1106 1866 1242 1905 omnia

61 1933 277 1973 Facturum
295 1947 304 1972 ε
334 1933 462 1986 magis
481 1932 523 1972 id
542 1933 652 1982 adeo,
673 1932 773 1971 mihi
790 1926 836 1971 ut
854 1931 1135 1980 incommodet,
1454 1935 1527 1971 135

60 1999 193 2044 Quam
210 2004 256 2039 ut
275 1999 513 2051 obsequatur
531 1999 665 2050 gnato.
752 1998 817 2036 So.
858 1997 1139 2050 Quapropter?
1224 1998 1279 2037 Sr.
1322 1997 1485 2051 Rogas?

61 2066 174 2107 Mala
191 2079 318 2116 mens,
338 2065 467 2106 malus
488 2066 644 2105 animus
661 2080 669 2104 :
702 2078 821 2117 quem
842 2064 1008 2117 quidem
1026 2077 1100 2116 ego
1122 2064 1156 2103 si
1176 2078 1391 2105 sensero-—

61 2133 140 2173 Sed
157 2132 252 2186 quid
271 2146 369 2186 opus
391 2132 438 2172 'st
455 2131 615 2172 verbis?
671 2131 740 2171 Sin
762 2131 930 2179 eveniat,
952 2131 1060 2183 quod
1078 2130 1180 2180 volo,

61 2200 110 2240 In
130 2199 340 2254 Pamphilo
358 2204 404 2239 ut
422 2199 480 2239 nil
500 2199 550 2239 sit
568 2211 691 2238 morae
708 2213 717 2247 ;
747 2203 870 2237 restat
890 2197 1090 2246 Chremes,

60 2267 140 2313 Qui
157 2267 215 2307 mi
234 2266 456 2307 exorandus
476 2271 559 2306 est:
590 2271 630 2305 et
649 2278 763 2318 spero
783 2264 955 2304 confore.
1454 2267 1530 2303 140

61 2333 181 2374 Nunc
198 2338 312 2373 tuum
334 2333 382 2372 'st
401 2332 591 2380 officium,
610 2331 683 2371 has
701 2332 805 2371 benc
824 2336 870 2370 ut
888 2330 1095 2371 assimules
1115 2330 1276 2383 nuptias
1293 2345 1301 2369 :

61 2399 361 2440 Perterrefacias
381 2399 540 2438 Davom
558 2412 566 2437 :
598 2398 781 2437 observes
801 2396 940 2445 filium,

62 2465 168 2510 Quid
186 2471 290 2519 agat,
312 2465 408 2518 quid
427 2479 519 2505 cum
539 2464 607 2503 illo
627 2463 765 2503 consili
786 2467 929 2516 captet.
1017 2462 1082 2500 So.
1123 2461 1192 2500 Sat
1211 2466 1292 2500 est:

63 2533 217 2574 Curabo
234 2548 242 2573 :
274 2546 410 2573 eamus
428 2546 537 2572 nunc
555 2533 637 2571 'iam
657 2531 773 2571 iutro.
859 2530 916 2573 SI·
962 2529 981 2568 Ι
1001 2542 1097 2582 prae,
1120 2541 1273 2582 sequar.
