1670 3080
148 158 212 208 20
777 177 991 209 ANDRIA.

148 262 352 302 Postremo
370 262 412 303 id
430 261 529 302 mihi
548 261 600 302 da
617 260 754 314 negoti
770 275 779 301 ε
809 267 853 301 tu
871 266 1006 301 tamen
1025 260 1132 300 idem
1151 267 1222 299 has
1240 260 1407 313 nuptias*

146 328 272 381 Perge
291 329 421 368 facere
439 329 506 378 ita,
526 333 572 368 ut
588 328 708 368 facis:
739 333 778 367 et
795 327 836 367 id
855 339 969 380 spero
988 327 1189 380 adjuturos
1209 326 1331 365 Deos.

146 396 202 434 81.
243 395 373 434 Immo
398 395 462 434 abi
484 394 615 434 intro:
656 394 711 434 ibi
733 407 798 433 me
819 393 1011 446 opperire,
1038 398 1088 440 et,
1115 391 1222 444 quod
1244 397 1384 444 parato
1409 403 1507 451 opus
1530 395 1602 440 est,

303 475 412 515 para.

143 527 237 566 Non
257 527 414 580 impulit
431 541 508 575 me,
529 527 615 567 haec
634 540 742 566 nunc
762 526 925 565 omnino
943 531 989 564 ut
1007 525 1209 564 crederem
1227 539 1235 564 :

143 595 276 646 Atque
294 594 402 633 haud
421 594 512 642 scio,
534 607 585 633 an
605 607 693 645 quae
713 593 814 632 dixit
831 593 910 631 sint
928 605 1021 630 vera
1040 591 1175 629 omnia
1191 605 1200 629 :
1545 591 1598 632 45

142 661 220 699 Sed
237 660 349 712 parvi
366 660 498 712 pendo
515 674 523 698 :
553 659 652 698 illud
669 658 726 697 mi
743 657 868 697 multo
886 670 1120 696 maxumum
1142 656 1199 705 'st‚
1634 652 1636 654 ’

141 727 258 770 Quod
276 726 374 766 mihi
392 726 588 779 pollicitus
609 726 656 764 'st
673 725 756 778 ipse
775 729 920 776 gnatus
937 738 945 762 ε
974 737 1082 762 nunc
1103 722 1302 762 Chremen

141 791 386 831 Conveniam
401 806 409 830 :
440 791 559 830 orabo
577 795 698 843 gnato
717 803 882 828 uxorem
899 803 907 827 :
936 788 979 828 id
997 788 1029 827 si
1047 788 1228 840 impetro,

139 857 246 901 Quid
264 857 361 896 alias
379 857 527 904 malim,
550 870 669 908 quam
686 855 816 903 hodie,
833 855 905 894 has
923 854 1010 893 fieri
1027 854 1217 906 nuptias?

139 923 246 961 Nam
265 928 409 975 gnatus
429 923 534 974 quod
551 922 748 975 pollicitus
769 921 825 969 ’st,
846 921 955 960 haud
973 920 1137 960 dubium
1159 920 1206 960 ’st
1223 919 1333 968 mihi,
1541 922 1594 960 50

139 989 179 1027 Si
197 989 307 1038 nolit,
329 990 424 1041 quin
445 1001 536 1028 eum
555 989 696 1027 merito
714 987 861 1040 possim
880 1001 1034 1039 cogere.

138 1056 270 1108 Atque
291 1057 389 1096 adeo
408 1057 449 1095 in
470 1056 554 1109 ipso
574 1061 750 1108 tempore
772 1068 909 1094 eccum
928 1055 1059 1107 ipsum
1079 1054 1291 1094 Chremen.
1366 1083 1367 1086 η

542 1257 719 1296 ACTUS
750 1257 831 1296 ΙΙΙ.
890 1257 1070 1297 SCENA
1102 1257 1184 1296 111.

670 1357 786 1396 SIMo.
846 1357 1057 1396 CHREMES.

135 1456 190 1494 81.
231 1456 359 1495 Jubeo
380 1456 644 1495 Chremetem.
721 1457 796 1495 Cn.
837 1455 899 1495 0!
928 1462 967 1495 te
986 1457 1117 1509 ipsum
1137 1457 1378 1509 quaerebam.
1452 1458 1512 1497 Sx.
1543 1457 1596 1496 Et
1664 1495 1670 1511 ,

295 1536 369 1574 ego
388 1528 439 1561 te.
525 1523 599 1560 Cn.
640 1523 788 1574 Optato
806 1522 983 1562 advenis.

133 1586 298 1638 Aliquot
315 1601 380 1626 me
401 1587 594 1635 adierunt,
616 1601 667 1626 ex
685 1592 724 1626 te
743 1587 922 1627 auditum
943 1588 1010 1640 qui
1029 1588 1176 1638 aibant,
1197 1588 1315 1629 hodie
1333 1589 1458 1629 filiam

133 1651 270 1690 Meam
288 1653 438 1691 nubere
458 1658 525 1691 tuo
544 1658 666 1705 gnato
683 1667 692 1691 :
721 1653 763 1692 id
781 1653 877 1702 viso,
898 1654 995 1702 tun',
1017 1667 1069 1693 an
1087 1653 1146 1694 illi
1163 1655 1376 1695 insaniant.
1659 1705 1663 1708 γ

133 1718 189 1755 81.
211 1718 404 1757 Ausculta
418 1719 572 1771 paucis:
595 1724 644 1766 et,
663 1719 758 1771 quid
773 1725 811 1758 te
827 1733 902 1772 ego
918 1719 1049 1769 velim,
1064 1726 1115 1770 et,
1132 1722 1239 1774 quod
1252 1727 1297 1761 tu
1311 1721 1467 1775 quaeris,
1481 1721 1591 1761 scies.
1655 1711 1669 1744 f

132 1784 207 1822 Cn.
246 1784 465 1823 Ausculto:
495 1785 657 1836 loquere
678 1786 773 1837 quid
791 1786 901 1826 velis.
1564 1789 1590 1828 5
1667 1821 1670 1841 3

132 1850 188 1887 81.
228 1850 305 1888 Per
323 1855 361 1888 te
382 1863 456 1902 ego
477 1850 585 1889 Deos
604 1864 683 1899 oro,
706 1857 746 1890 et
763 1857 938 1891 nostram
957 1852 1186 1902 amicitiam,
1208 1853 1390 1903 Chreme,

131 1916 231 1958 Quae
250 1915 410 1967 incepta
428 1928 452 1953 a
470 1915 601 1966 parvis
621 1929 711 1954 cum
732 1921 849 1954 aetate
870 1918 1044 1956 accrevit
1062 1918 1191 1967 simul,

131 1981 284 2032 Perque
303 1980 462 2019 unicam
481 1985 646 2032 gnatam
665 1986 786 2029 tuam,
808 1987 848 2019 et
864 1987 1032 2033 gnatum
1050 1996 1197 2032 meum,

130 2045 251 2098 Cujus
269 2046 340 2084 tibi
358 2051 530 2098 potestas
549 2059 705 2084 summa
723 2047 906 2085 servandi
925 2047 1052 2095 datur,

128 2112 184 2150 Ut
201 2125 266 2151 me
286 2112 448 2164 adjuves
467 2112 508 2150 in
527 2112 603 2151 hac
622 2125 664 2150 re
682 2126 690 2150 ε
721 2117 839 2163 atque
858 2113 914 2152 ita
931 2114 990 2152 uti
1009 2115 1160 2167 nuptiae
1538 2121 1590 2158 10
1644 2158 1647 2164 ,

129 2177 304 2216 Fuerant
320 2177 476 2226 futurae,
498 2177 608 2216 fiant.
693 2178 768 2216 Cn.
807 2177 886 2226 Ah,
907 2191 959 2217 ne
978 2192 1044 2218 me
1064 2180 1250 2219 obsecra:

128 2243 251 2287 Quasi
269 2243 344 2282 hoc
363 2249 401 2282 te
421 2243 570 2282 orando
590 2257 614 2281 a
631 2256 696 2281 me
715 2243 927 2295 impetrare
948 2249 1138 2296 oporteat.

127 2309 265 2348 Alium
285 2324 368 2349 esse
388 2323 524 2350 censes
542 2322 650 2348 nunc
668 2322 745 2351 me.
767 2315 885 2361 atque
905 2309 1012 2358 olim,
1034 2323 1126 2350 cum
1145 2310 1288 2351 dabam
1304 2331 1314 2351 ι

128 2377 168 2415 Si
186 2376 229 2415 in
247 2390 331 2415 rem
354 2377 401 2415 ’st
417 2377 573 2429 utrique
593 2381 638 2414 ut
655 2375 765 2424 fiant,
787 2376 930 2415 arcessi
943 2376 1052 2428 jube.

128 2443 205 2481 Sed
223 2442 255 2481 si
275 2456 326 2481 ex
344 2456 392 2481 ea
408 2456 451 2481 re
470 2442 559 2495 plus
577 2440 674 2480 mali
694 2441 742 2480 ’st
759 2454 879 2494 quam
899 2442 1098 2482 commodi
1535 2450 1584 2488 15
1638 2491 1649 2498 „.

125 2507 305 2560 Utrique,
326 2508 367 2547 id
386 2522 454 2547 oro
473 2514 524 2556 te,
545 2508 587 2546 in
609 2520 819 2546 commune
838 2513 884 2546 ut
902 2508 1095 2556 consulas,
1627 2504 1630 2506 ’

126 2574 250 2617 Quasi
267 2572 335 2612 illa
354 2579 422 2612 tua
441 2573 501 2622 sit,
524 2571 800 2625 Pamphilique
821 2585 896 2624 ego
915 2572 989 2611 sim
1007 2578 1132 2626 pater.

127 2640 183 2678 81.
224 2639 355 2678 Immo
373 2639 429 2678 ita
446 2638 548 2687 volo,
569 2639 702 2691 itaque
721 2637 887 2691 postule,
908 2644 954 2677 ut
971 2638 1052 2687 fiat,
1075 2639 1246 2679 Chreme
1263 2655 1272 2680 ε

127 2706 269 2757 Neque
287 2704 484 2758 postulem
503 2705 572 2743 abs
591 2709 641 2752 te,
662 2704 705 2742 ni
722 2703 808 2756 ipsa
825 2717 889 2743 res
906 2709 1080 2744 moneat.
1128 2720 1129 2723 ¹
1166 2705 1242 2744 Cn.
1282 2707 1390 2751 Quid
1408 2711 1496 2749 est?

128 2773 184 2810 81.
224 2771 301 2810 Irae
320 2776 413 2810 sunt
429 2770 534 2810 inter
554 2769 786 2822 Glycerium
805 2775 847 2808 et
863 2775 1045 2822 gnatum.
1132 2772 1207 2810 Cn.
1247 2773 1392 2814 Audio.
1531 2780 1584 2816 20
1622 2764 1626 2775 ³

128 2840 184 2878 S1.
225 2839 289 2878 Ita
306 2851 477 2890 magnae,
498 2842 542 2876 ut
560 2840 726 2890 sperem,
747 2849 860 2889 posse
880 2825 1008 2876 avelli.
1095 2838 1169 2877 Cn.
1210 2838 1383 2880 Fabulae.
