1670 3080
108 95 204 143 1928
715 109 959 141 ADELPHI.

105 196 212 237 Tum
245 201 379 236 autem
414 197 558 250 Syrum
590 196 860 250 impulsorem,
893 195 997 236 vah!
1043 195 1185 248 quibus
1213 193 1327 235 illum
1357 193 1576 235 lacerarem
1605 223 1611 229 .

269 264 398 303 modis
411 264 427 303 2

108 329 327 370 Sublimem
373 330 551 370 medium
598 329 825 383 arriperem,
874 335 914 369 et
960 329 1089 382 capite
1134 332 1307 381 pronum
1344 329 1388 368 in
1429 333 1578 368 terram

270 403 497 446 statuerem,

105 463 163 503 Ut
181 464 341 503 cerebro
361 463 564 517 dispergat
582 463 689 503 viam
707 477 715 503 :

105 529 369 570 Adulescenti
387 530 464 583 ipsi
483 530 676 583 eriperem
696 529 852 569 oculos:
882 528 1047 582 posthac
1067 527 1316 581 praecipitem
1335 526 1486 569 darem.
1526 530 1580 566 20

106 597 268 637 Ceteros
286 611 458 646 merem,
480 611 652 650 agerem,
674 611 868 650 raperem,
888 595 1112 644 funderem,
1134 600 1175 634 et
1192 600 1498 648 prosternerem.

107 664 186 704 Sed
205 678 327 714 cesso,
347 664 486 705 heram
505 664 580 704 hoc
600 664 706 703 malo
725 663 920 717 impertiri
945 661 1140 716 propere?
1210 662 1277 700 So.
1316 661 1578 701 Revocemus·

271 733 386 771 Geta.
475 732 552 771 Gn.
593 732 702 770 Hem
720 731 729 770 !

106 798 294 851 Quisquis
313 812 366 847 es,
388 798 473 837 sine
493 811 571 837 me.
631 798 697 836 So.
741 797 826 850 Ego
846 810 935 836 sum
957 797 1144 836 Sostrata.
1205 796 1283 835 Gn.
1314 794 1489 835 Ubinam
1509 795 1583 834 es?

268 870 307 904 te
327 865 455 918 ipsam
476 864 644 918 quaerito
662 879 670 903 :

105 931 163 970 Te
183 936 328 984 expeto
345 945 354 970 z
384 931 530 984 oppido
551 935 772 983 opportune
792 935 830 969 te
851 929 1027 969 obtulisti
1046 929 1103 968 mi
1124 928 1295 978 obviam,
1347 944 1349 946 ·

106 998 230 1038 Hera.
289 999 354 1037 So.
395 998 502 1042 Quid
521 999 609 1037 est?
638 998 733 1051 quid
752 997 952 1050 trepidas?
1009 998 1088 1037 Gn.
1125 995 1207 1036 Hei
1225 995 1305 1035 mi!
1365 995 1432 1035 So.
1467 994 1577 1040 Quid

267 1066 441 1114 festinas,
463 1065 521 1104 mi
542 1066 675 1105 Geta?
1526 1064 1579 1101 25

106 1132 299 1172 Animam
330 1133 475 1186 recipe.
563 1134 642 1172 Gn.
682 1132 902 1171 Prorsus—
959 1131 1025 1170 So.
1066 1130 1174 1175 Quid
1206 1130 1307 1170 istuc
1348 1133 1372 1153 “
1386 1128 1581 1183 prorsus’'

269 1198 440 1251 ergo'st?
525 1198 603 1238 Ga.
644 1197 839 1237 Periimus
856 1212 865 1236 ε

106 1265 319 1304 Actum'st.
386 1266 451 1304 So.
489 1264 670 1318 Loquere
691 1278 797 1317 erg0,
820 1264 981 1304 obsecro
1001 1269 1052 1312 te,
1075 1263 1171 1317 quid
1189 1263 1251 1303 sit.
1317 1264 1396 1303 Gn.
1432 1263 1458 1302 J
1461 1276 1582 1302 am—

271 1331 337 1369 So.
377 1330 484 1375 Quid
497 1329 598 1383 jam,
619 1331 753 1370 Geta?

110 1396 187 1436 Gn.
222 1396 492 1435 AEschinus—
549 1397 614 1435 So.
646 1396 754 1441 Quid
772 1396 805 1436 is
821 1396 945 1449 ergo?
1002 1397 1080 1436 Gr..
1110 1395 1281 1437 Alienus
1301 1401 1361 1437 est
1378 1396 1431 1436 ab
1447 1401 1583 1436 nostra

269 1462 432 1502 familia.
519 1464 582 1502 So.
623 1463 746 1512 Hem,

110 1529 239 1569 Perii!
270 1530 421 1583 quare?
507 1530 586 1569 GE.
626 1530 776 1570 Amare
807 1530 963 1584 occepit
994 1530 1127 1571 aliam.
1213 1532 1279 1572 So.
1319 1528 1395 1571 Vae
1424 1528 1582 1571 miserae

272 1596 398 1636 mihi!

117 1664 197 1705 Gr..
235 1663 381 1718 Neque
400 1663 443 1703 id
461 1663 614 1704 occulte
633 1663 722 1713 fert,
744 1664 793 1704 ab
812 1663 958 1704 lenone
976 1664 1086 1718 ipsus
1105 1664 1252 1718 eripuit
1268 1663 1416 1718 palam.
1529 1666 1583 1704 30

113 1732 178 1771 So.
220 1731 343 1771 Satin’
371 1731 448 1771 hoc
475 1731 707 1771 certum’st?
792 1732 870 1771 Gn.
911 1732 1100 1772 Certum:
1134 1731 1243 1773 hisce
1269 1731 1393 1772 oculis
1423 1737 1583 1784 egomet
1636 1728 1670 1797 B}

274 1798 367 1847 vidi,
391 1800 577 1838 Sostrata.
663 1799 730 1839 So.
769 1799 837 1838 Ah
853 1799 863 1838 !

115 1865 185 1905 Me
218 1865 405 1905 miseram
422 1866 431 1904 !
474 1865 571 1919 quid
596 1865 684 1918 jam
718 1865 884 1905 credas?
930 1871 999 1905 aut
1036 1866 1100 1906 cui
1137 1866 1304 1907 credas?
1348 1871 1582 1907 nostrumne

276 1932 513 1972 AEschinum
527 1933 543 1971 ’.θ

116 1999 305 2039 Nostram
325 1999 505 2038 omnium
523 1999 659 2047 vitam,
680 1998 723 2037 in
744 2012 822 2051 quo
840 2004 986 2038 nostrae
1007 2013 1095 2052 spes
1115 2013 1288 2053 opesque
1307 2013 1448 2040 omnes
1466 2000 1583 2039 sitae?

116 2066 196 2111 Qui
215 2079 256 2105 se
277 2065 361 2104 sine
379 2064 456 2104 hac
469 2064 633 2117 jurabat
650 2078 778 2103 unum
797 2078 1003 2118 nunquam
1024 2065 1223 2105 victurum
1242 2067 1380 2106 diem?

115 2133 196 2178 Qui
214 2146 256 2172 se
274 2133 317 2171 in
337 2132 398 2171 sui
415 2132 568 2185 gremio
587 2131 808 2184 positurum
827 2145 996 2184 puerum
1016 2132 1172 2172 dicebat
1188 2133 1341 2186 patris?
1527 2135 1578 2174 35

116 2201 180 2240 Ita
198 2201 505 2248 obsecraturum,
526 2205 571 2238 ut
588 2198 725 2238 liceret
741 2197 846 2238 hanc
865 2212 906 2238 se
926 2212 1091 2238 uxorem
1111 2199 1284 2239 ducere?

108 2269 195 2312 Gn.
226 2268 348 2316 Hera,
367 2267 565 2320 lacrymas
583 2266 696 2306 mitte
713 2280 723 2306 :
753 2279 800 2306 ac
817 2265 960 2319 potiuS,
982 2265 1090 2319 quod
1107 2267 1159 2306 ad
1176 2266 1280 2307 hanc
1299 2280 1385 2307 rem
1405 2280 1504 2321 opus
1522 2272 1582 2307 est

275 2348 404 2388 porro,
425 2333 598 2382 consule,

115 2401 319 2442 Patiamur
332 2415 384 2441 an
404 2415 611 2440 narremus
623 2400 809 2454 cuipiam.
859 2401 931 2440 CA.
953 2401 1021 2440 Au
1036 2414 1099 2451 au,
1115 2401 1173 2441 mi
1186 2401 1307 2442 homo
1323 2402 1333 2442 ἱ
1353 2403 1494 2442 sanun'
1509 2403 1581 2444 es?

113 2470 181 2509 An
199 2469 481 2523 proferendum
498 2467 575 2507 hoc
595 2467 667 2507 tibi
684 2467 841 2507 videtur
858 2469 1058 2521 usquam?
1123 2469 1202 2509 Gn.
1233 2469 1296 2508 Mi
1317 2469 1478 2522 quidem
1497 2482 1579 2509 non

274 2535 417 2588 placet.

116 2601 141 2641 J
144 2615 209 2640 am
227 2601 401 2654 primum
419 2599 533 2639 illum
553 2599 681 2639 alieno
700 2598 835 2638 animo
853 2612 878 2638 a
895 2599 1009 2638 nobis
1029 2613 1125 2648 esse,
1145 2613 1208 2640 res
1225 2599 1313 2654 ipsa
1331 2599 1492 2640 indicat.
1523 2602 1577 2639 40

116 2667 237 2708 Nunc
256 2665 288 2705 si
306 2665 381 2704 hoc
401 2665 534 2718 palam
553 2664 798 2718 proferimus,
819 2663 886 2703 ille
905 2663 1051 2704 infitias
1070 2665 1154 2714 ibit,
1177 2670 1238 2704 sat
1255 2665 1358 2706 scio:

116 2733 204 2773 Tua
221 2733 329 2771 fama
347 2737 386 2771 et
403 2737 536 2784 gnatae
554 2730 636 2770 vita
654 2730 696 2769 in
715 2730 879 2770 dubium
898 2731 1054 2771 veniet:
1084 2738 1181 2780 tum,
1203 2732 1236 2772 si
1253 2745 1442 2774 maxume

118 2799 316 2848 Fateatur,
339 2812 430 2838 cum
450 2804 556 2837 amet
574 2797 694 2837 aliam
726 2810 809 2836 non
828 2803 886 2836 est
904 2796 1000 2837 utile
1019 2797 1124 2847 huic,
1145 2797 1203 2837 illi
1221 2798 1319 2839 dari.
