1670 3080
510 128 667 161 Ac'rns
694 128 771 159 111.
841 127 1004 159 SCENA
1040 126 1108 157 1v.
1475 108 1533 154 21

86 216 142 256 S1.
182 214 363 254 Profecto
381 213 436 253 sio
455 218 525 252 est.
610 213 685 252 Cn.
725 212 788 252 Sic
807 211 951 260 hercle,
971 216 1017 250 ut
1035 210 1167 250 dicam
1185 209 1256 249 tibi
1273 222 1282 248 ε

86 281 322 322 Amantium
339 280 422 329 irae,
442 278 587 320 amoris
604 279 827 332 integratio.
913 279 969 317 S1.
1010 277 1145 317 Hem!

88 347 138 387 Id
154 352 193 386 te
213 359 294 395 oro,
313 350 359 385 ut
376 350 469 385 ante
487 358 624 384 eamus
640 358 649 383 z
672 345 776 384 vdum
794 349 950 396 tempus
969 343 1096 390 datur,

86 414 274 465 Dumque
293 412 378 466 ejus
395 411 530 451 lubido
549 410 706 450 occlusa
726 410 773 449 'st
791 409 1051 457 contumeliis,
1491 410 1539 445 25

87 480 201 520 Prius
219 492 340 532 quam
357 478 499 517 harum
518 476 668 517 scelera
686 482 726 515 et
742 476 931 515 lacrumae
951 474 1132 514 confictae
1152 473 1252 513 dolis

87 546 524 588 Redducuntuanimum
542 550 736 597 oegrotum
755 544 807 583 ad
823 543 1145 590 misericordiam,

85 614 264 654 Uxorem
283 613 446 652 demus:
475 625 590 664 spero
608 611 892 650 consuetudine
912 616 953 650 et

88 679 282 733 Conjugio
299 678 453 718 liberali
471 678 711 725 devinctum,
733 677 913 725 Chreme,

87 747 194 786 Dein
212 745 328 785 facile
347 759 399 784 ex
415 744 492 783 illis
510 757 593 783 sese
613 757 858 783 emersurum
877 743 1004 782 malis?
1492 743 1544 779 30

87 814 163 852 Cn.
207 812 296 851 Tibi
313 811 370 850 ita
386 811 461 850 hoc
481 810 636 849 videtur
652 823 660 848 :
691 814 732 848 at
750 823 824 861 ego
843 823 924 848 non
943 821 1057 861 posse
1077 808 1243 847 arbitror

88 880 230 932 Neque
249 878 361 917 illum
378 877 483 916 hanc
501 881 692 930 perpetuo
710 875 868 924 habere,
889 888 1019 927 neque
1037 888 1102 914 me
1121 874 1286 927 perpeti.

89 947 145 985 81.
184 945 261 990 Qui
282 945 356 984 scis
376 957 469 996 ergo
487 943 600 991 istuc,
621 943 698 981 nisi
716 942 909 995 periclum
927 942 1099 981 feceris?

88 1013 164 1051 Cu.
203 1012 260 1051 At
277 1011 377 1050 istuc
395 1009 586 1063 periclum
606 1009 647 1048 in
666 1008 749 1047 filia
767 1008 865 1056 fieri,
885 1021 1006 1060 grave
1027 1013 1097 1047 est.

89 1079 145 1117 81.
184 1078 341 1130 Nempe
358 1075 662 1116 incommoditas
681 1075 850 1127 denique
865 1075 949 1114 huc
968 1074 1097 1113 omnis
1114 1073 1238 1112 redit:
1494 1074 1543 1111 35

89 1145 131 1184 Si
150 1144 319 1192 eveniat,
341 1143 446 1195 quod
466 1142 519 1181 Di
538 1141 784 1195 prohibeant,
806 1141 1003 1180 discessio.

89 1213 146 1250 At
164 1211 197 1250 si
215 1210 434 1263 corrigitur,
455 1214 551 1261 quot
569 1208 870 1247 commoditates
887 1207 978 1247 vide
995 1221 1003 1245 ε

90 1277 300 1330 Principio,
320 1276 449 1316 amico
468 1275 594 1314 filium
613 1274 827 1313 restitueris
843 1288 852 1313 ε

90 1345 181 1384 Tibi
198 1357 391 1397 generum
409 1343 580 1390 firmum,
603 1348 641 1381 et
659 1342 752 1381 filiae
771 1342 952 1381 invenias
970 1342 1112 1381 virum.

93 1410 167 1449 Cu.
206 1409 312 1454 Quid
329 1409 445 1448 istic?
472 1408 504 1447 si
522 1408 578 1447 ita
595 1408 695 1447 istuc
715 1408 894 1447 animum
912 1407 1070 1447 induxti
1089 1421 1172 1446 esse
1192 1406 1300 1454 utile,
1493 1408 1546 1445 40

94 1475 198 1514 Nolo
216 1475 287 1513 tibi
303 1474 431 1513 ullum
450 1473 702 1513 commodum
721 1473 763 1512 in
782 1487 846 1512 me
867 1473 1052 1513 claudier.

94 1544 150 1581 81.
190 1541 336 1581 Merito
355 1546 394 1580 te
413 1554 569 1593 semper
586 1540 766 1579 maxumi
783 1539 872 1588 feci,
896 1538 1078 1579 Chreme.

93 1610 167 1648 (211.
207 1609 285 1648 Sed
303 1608 398 1661 quid
415 1608 501 1648 ais?
575 1609 631 1647 81.
671 1608 807 1653 Quid?
886 1608 961 1647 Cu.
1000 1607 1080 1653 Qui
1098 1607 1172 1646 scis
1192 1619 1258 1645 eos
1277 1619 1384 1644 nunc
1404 1606 1549 1645 discor-

251 1675 346 1714 dare
365 1674 469 1713 inter
486 1674 558 1713 se?

94 1743 148 1780 81.
190 1740 304 1793 Ipsus
321 1739 420 1779 mihi
438 1740 585 1788 Davos,
607 1740 675 1791 qui
692 1740 868 1780 intumus
889 1740 936 1779 ’st
953 1752 1091 1779 eorum
1110 1737 1293 1786 consiliis,
1315 1737 1415 1776 dixit
1431 1752 1439 1776 :

95 1807 147 1845 Et
163 1806 196 1845 is
213 1805 313 1845 mihi
331 1806 481 1855 suadet,
501 1806 670 1859 nuptias,
692 1812 884 1859 quantum
904 1819 1059 1858 queam,
1079 1810 1125 1844 ut
1142 1809 1352 1843 maturem.
1497 1806 1546 1842 45

94 1871 203 1910 Num
222 1885 359 1911 censes
377 1872 536 1920 faceret,
556 1872 682 1911 filium
700 1872 777 1911 nisi
796 1872 914 1911 sciret
931 1871 1071 1911 eadem
1088 1870 1176 1909 haec
1196 1869 1297 1908 velle
1313 1870 1329 1908 2

92 1938 193 1976 Tute
213 1938 312 1977 adeo
325 1938 411 1990 jam
430 1937 515 1990 ejus
534 1938 654 1977 verba
672 1938 807 1977 audies
824 1952 832 1976 :
862 1938 972 1984 heus,
994 1942 1156 1977 evocate
1175 1937 1254 1976 huc
1276 1938 1447 1977 Davom.

94 2005 224 2056 Atque
245 2017 382 2044 eccum
398 2018 408 2042 ε
437 2004 553 2044 video
571 2004 701 2057 ipsum
720 2005 825 2044 foras
844 2005 963 2044 exire.

505 2194 680 2235 ACTUS
712 2196 794 2235 III.
853 2195 1034 2236 SCENA
1066 2196 1140 2251 ΠΥ.

538 2296 694 2335 ΒΑνυε.
735 2297 851 2336 Smo.
892 2297 1104 2336 CHREMES.

629 2402 710 2441 DA.
749 2401 817 2441 Ad
835 2407 873 2441 te
892 2401 1011 2441 ibam.
1098 2402 1154 2440 S1.
1194 2401 1397 2446 Quidnam
1418 2409 1476 2440 est
1490 2403 1505 2440 ’.7

94 2469 172 2508 ΒΛ.
212 2468 291 2508 Cur
308 2481 410 2508 uxor
427 2482 510 2508 non
530 2468 768 2508 arcessitur?
798 2468 880 2511 iam
909 2467 1212 2521 advesperascit.
1303 2469 1358 2507 S1.
1399 2469 1548 2508 Audin’

251 2539 295 2573 tu
312 2534 454 2573 illum?

94 2600 180 2652 Ego
198 2599 348 2639 dudum
366 2614 448 2639 non
467 2600 525 2639 nil
546 2600 690 2640 veritus
710 2614 798 2640 sum
817 2601 887 2640 abs
906 2606 957 2650 te,
979 2601 1106 2650 Dave,
1128 2614 1179 2640 ne
1198 2601 1350 2640 faceres
1370 2601 1488 2650 idem,

93 2666 210 2711 Quod
227 2666 366 2720 volgus
385 2680 587 2706 servorum
606 2667 715 2716 solet,
736 2667 835 2707 dolis
853 2673 899 2707 ut
915 2681 980 2707 me
1000 2667 1211 2707 deluderes
1229 2682 1238 2706 ε

91 2731 304 2786 Propterea
332 2733 437 2786 quod
464 2738 572 2774 amat
598 2733 714 2774 filius.
799 2734 878 2773 DA.
917 2733 1045 2787 Egon’
1072 2734 1175 2774 istuc
1203 2734 1406 2774 facerem?
1489 2735 1543 2774 St.

255 2799 439 2839 Credidi:
