1670 3080
534 132 692 165 Ac‘rus
720 133 776 164 11.
846 133 1011 165 SCENA
1046 133 1116 164 1v.
1487 120 1542 169 9]

87 220 201 262 Cur.
241 219 451 261 Laudabis.
537 220 604 259 SY.
644 219 748 258 Vide
768 219 833 259 sis,
919 219 1033 258 CLIT.
1073 219 1260 259 Tutemet
1277 221 1486 261 mirabere.

86 288 152 328 SY.
193 287 270 327 Sed
289 301 408 341 quam
429 287 507 326 cito
526 291 620 326 sunt
638 292 864 325 consecutae
883 285 1071 325 mulieres
1087 285 1097 325 !

85 354 199 396 Cur.
220 353 300 394 Ubi
319 354 438 394 sunt?
456 367 526 393 cur
544 353 721 393 retines?
778 354 844 392 SY.
867 353 892 392 J
896 367 960 392 am
976 366 1084 392 nunc
1099 353 1186 393 haec
1202 367 1283 392 non
1300 358 1359 393 est
1373 358 1452 393 tua.
1478 356 1553 394 135

84 421 198 462 Cur.
229 421 329 469 Scio,
351 420 458 474 apud
476 425 657 474 patrem:
688 425 729 459 at
742 433 850 459 nunc
870 419 1042 459 interim.
1120 421 1187 459 SY.
1219 419 1357 459 Nihilo
1377 420 1517 473 magis.

83 488 196 529 Cm‘r.
229 488 334 528 Sine.
400 489 466 528 SY.
502 488 597 528 Non
617 487 757 536 sinam,
779 487 957 540 inquam.
1023 488 1138 527 Cur.
1174 489 1320 533 Quaeso
1339 487 1553 542 paulisper.

245 556 312 596 Sv.
345 556 461 595 Veto.

82 622 195 661 Cm‘r.
228 622 377 663 Saltem
397 621 581 662 salutare.
668 621 735 660 SY.
775 622 911 661 Abeas
931 621 964 661 si
983 618 1126 675 sapias.
1213 621 1328 661 Cur.
1368 621 1440 661 Eo.
1514 621 1523 624 ”

81 689 188 733 Quid
233 689 352 731 istic?
452 691 519 730 Sv.
574 688 768 730 Manebit.
856 691 970 730 Cur.
1030 691 1066 730 O
1113 690 1320 730 hominem
1365 689 1550 730 felicem!

244 757 310 796 Sv.
351 758 541 798 Ambula.

509 957 687 998 ACTUS
719 958 777 998 ΙΙ.
837 958 1021 998 SCENA
1052 958 1128 998 IV.

286 1074 294 1085 ι
341 1049 537 1090 ΒΑοοΗιε.
595 1051 853 1091 ΑΝΤΙΡΗΙιΑ.
913 1051 1079 1091 ΟΜΝῙΑ.
1138 1053 1286 1092 SYRus.

78 1150 153 1189 ΒΑ.
193 1149 347 1203 Edepol
366 1155 417 1199 te,
438 1164 530 1190 mea
550 1150 772 1204 Antiphila,
794 1151 914 1191 laudo
935 1157 976 1192 et
993 1152 1238 1193 fortunatam
1253 1153 1406 1206 judico,

79 1216 129 1257 Id
148 1230 239 1256 cum
259 1218 453 1266 studuisti,
475 1218 539 1257 isti
558 1218 698 1259 formae
717 1223 763 1258 ut
780 1214 912 1258 mores
932 1220 1158 1259 consimiles
1176 1221 1319 1260 forent.

79 1284 341 1337 Minimeque,
362 1285 418 1325 ita
436 1299 501 1324 me
522 1285 576 1324 Di
596 1291 743 1334 ament,
766 1286 899 1336 miror,
921 1287 954 1325 si
973 1292 1012 1326 te
1032 1287 1105 1326 sibi
1126 1287 1292 1341 quisque
1313 1287 1476 1342 expetit.

79 1351 186 1390 Nam
205 1351 316 1401 mihi,
339 1351 454 1405 quale
473 1352 682 1404 ingenium
700 1352 880 1402 haberes,
901 1353 979 1392 fuit
996 1353 1146 1393 indicio
1167 1354 1305 1394 oratio.

80 1417 132 1456 Et
151 1431 242 1457 cum
263 1423 422 1470 egomet
439 1431 547 1458 nunc
567 1432 727 1458 mecum
746 1420 789 1459 in
810 1420 945 1459 animo
964 1420 1089 1459 vitam
1109 1425 1220 1460 tuam
1240 1420 1459 1470 considero,
1523 1423 1548 1460 5

80 1484 351 1537 Omniumque
371 1484 471 1524 adeo
489 1491 724 1534 vostrarum,
748 1486 886 1539 volgus
906 1499 996 1539 quae
1016 1487 1066 1526 ab
1086 1500 1128 1526 se
1147 1493 1384 1540 segregant;

79 1551 132 1590 Et
149 1564 219 1590 vos
238 1565 323 1590 esse
343 1551 575 1601 istiusmodi,
598 1557 638 1591 et
656 1566 729 1591 nos
747 1565 831 1592 non
851 1566 947 1601 esse,
968 1552 1078 1592 haud
1095 1552 1349 1593 mirabile’st:

78 1617 117 1656 N
120 1631 186 1656 am
216 1617 379 1669 expedit
410 1619 534 1657 bonas
567 1632 653 1658 esse
687 1618 822 1668 vobis3
871 1633 955 1669 nos,
991 1620 1228 1673 quibuscum
1262 1626 1322 1660 est
1358 1634 1434 1670 res,
1466 1634 1549 1661 non

240 1683 400 1722 sinunt:

78 1749 236 1803 Quippe
255 1750 384 1789 forma
402 1750 562 1803 impulsi
581 1756 716 1790 nostra
734 1765 806 1791 nos
826 1757 1022 1793 amatores
1042 1753 1178 1793 colunt
1194 1768 1203 1793 :

78 1818 181 1858 Haec
201 1817 270 1856 ubi
287 1817 498 1857 immutata
518 1824 588 1867 est,
610 1818 668 1857 illi
687 1832 803 1858 suum
823 1819 1003 1860 animum
1022 1821 1100 1860 alio
1120 1822 1355 1872 conferunt;
1499 1825 1548 1861 10

78 1883 167 1923 Nisi
185 1889 437 1937 prospectum
456 1884 610 1924 interea
630 1898 654 1924 a
673 1885 788 1924 nobis
809 1891 880 1934 est,
901 1887 1069 1926 desertae
1088 1887 1272 1927 vivimus.

79 1950 204 1990 Vobis
223 1965 315 1991 cum
333 1965 415 1991 uno
433 1952 556 1991 semel
573 1952 643 1991 ubi
661 1958 822 1992 aetatem
842 1967 960 2006 agere
979 1954 1235 1994 decretum’st
1252 1955 1337 1994 viro
1353 1970 1362 2004 ;

79 2019 200 2072 Cujus
218 2032 304 2058 mos
322 2019 562 2059 maxume’st
581 2020 797 2059 consimilis
817 2026 1006 2070 vostrum,
1027 2020 1071 2059 hi
1089 2035 1131 2061 se
1151 2022 1203 2061 ad
1222 2036 1291 2062 vos
1311 2021 1518 2076 applicant
1534 2037 1543 2062 :

79 2085 170 2125 Hoc
187 2085 381 2125 beneficio
398 2086 554 2139 utrique
575 2087 624 2126 ab
643 2086 820 2139 utrisque
840 2101 934 2126 vero
954 2087 1225 2137 devincimini,

78 2152 134 2210 Ut
151 2166 357 2205 nunquam
376 2152 459 2192 ulla
478 2153 603 2192 amori
622 2159 754 2193 vestro
772 2154 948 2194 incidere
966 2155 1091 2208 possit
1109 2155 1327 2197 calamitas.
1498 2159 1545 2196 15

79 2221 160 2260 Au.
200 2220 347 2259 Nescio
366 2219 464 2260 alias
480 2234 489 2259 ε
518 2234 584 2259 me
604 2220 766 2274 quidem
786 2235 943 2274 semper
961 2222 1043 2262 scio
1061 2223 1200 2263 fecisse
1220 2223 1369 2272 sedulo,

79 2289 136 2328 Ut
153 2301 204 2328 ex
221 2288 326 2327 illius
346 2288 555 2328 commodo
574 2302 710 2328 meum
730 2303 1004 2342 compararem
1024 2291 1292 2332 commodum.
1351 2292 1421 2332 Cr..
1452 2291 1546 2331 Ah!

80 2355 197 2408 Ergo,
218 2368 310 2394 mea
329 2354 554 2408 Antiphila,
576 2361 621 2394 tu
640 2368 748 2395 nunc
768 2355 852 2396 sola
869 2356 1058 2397 reducem
1077 2371 1143 2398 me
1169 2358 1211 2397 in
1233 2359 1404 2412 patriam
1422 2358 1520 2400 facis
1536 2373 1545 2399 :

81 2421 188 2461 Nam
221 2422 318 2461 dum
350 2422 419 2462 abs
445 2428 485 2461 te
512 2422 665 2471 absum,
696 2437 835 2463 omnes
860 2424 961 2464 mihi
986 2424 1142 2465 labores
1168 2426 1291 2475 fuere,
1320 2439 1419 2480 quos
1445 2427 1546 2481 cepi,

240 2488 359 2537 leves,
836 2537 838 2540 .

82 2554 353 2608 Praeterquam
372 2555 430 2595 tui
449 2555 665 2595 carendum
685 2556 792 2608 quod
811 2562 908 2597 erat.
992 2558 1059 2598 SY.
1099 2558 1240 2600 Credo.
1325 2560 1395 2600 Cr..
1437 2561 1547 2614 Syre,

179 2646 181 2649 v
243 2622 313 2662 vix
331 2622 486 2662 suffero.
1497 2631 1550 2667 20

44 2738 47 2741 ¹
86 2689 264 2729 Hoccine
283 2703 349 2729 me
368 2690 557 2729 miserum
575 2703 658 2729 non
675 2690 795 2730 licere
814 2704 905 2731 meo
923 2692 1043 2732 modo
1061 2692 1269 2745 ingenium
1287 2693 1393 2733 frui?

87 2755 153 2795 Sir.
192 2757 335 2806 Immo,
358 2762 404 2796 ut
430 2762 587 2810 patrem
607 2762 722 2797 tuum
745 2757 828 2797 vidi
853 2771 938 2798 esse
964 2757 1159 2807 habitum,
1190 2759 1260 2799 diu
1284 2759 1405 2799 etiam
1433 2759 1551 2800 duras

246 2822 367 2863 dabit.
