1670 3080
149 139 212 185 42
727 160 962 195 EUNUCHU
970 163 1007 195 S.

149 242 321 283 Minimo
338 258 347 282 :
378 244 409 283 si
430 258 603 297 nequeas
622 246 793 298 paululo,
815 253 856 287 at
875 250 1011 301 quanti
1030 263 1151 303 queas
1167 266 1176 292 :
1549 257 1602 295 30

146 309 198 348 Et
216 323 266 348 ne
287 316 325 350 te
345 311 519 350 afflictes.
605 313 681 351 ΡΗ.
722 314 835 354 Itane
855 316 1024 356 suades?
1107 319 1178 358 PA.
1220 319 1260 358 Si
1279 320 1393 374 sapis.

149 376 304 429 Neque,
326 384 590 432 praeterquam
611 393 708 432 quas
727 381 810 434 ipse
831 396 941 422 amor
960 384 1159 424 molestias

144 442 289 492 Habet,
312 444 457 483 addas:
489 450 529 484 et
546 445 644 494 illas,
666 460 762 499 quas
780 447 911 497 habet,
933 455 1038 489 recte
1058 451 1172 490 feras.

143 509 220 548 Sed
241 523 334 549 ecca
352 510 437 563 ipsa
456 513 664 564 egreditur,
686 514 810 552 nostri
828 515 942 554 fundi
963 516 1165 555 calamitas
1183 531 1191 555 :

141 576 247 616 Nam
268 578 374 630 quod
392 592 463 618 nos
483 593 621 632 capere
641 586 805 634 oportet,
826 581 913 620 haec
934 583 1143 636 intercipit.
1545 591 1596 630 35
1632 603 1634 605 ’

581 777 756 816 ACTUS
788 778 819 816 I.
880 778 1061 820 SCENA
1092 779 1166 819 11:

512 881 657 919 Tum.
716 880 932 919 Pnffimm.
992 881 1210 923 PARMENo.

133 986 209 1024 ΤΗ.
251 986 440 1025 Miseram
459 999 524 1024 me
541 985 549 1023 !
580 998 726 1034 vereor,
749 999 799 1024 ne
818 984 917 1024 illud
935 987 1092 1038 gravius
1113 987 1296 1029 Phaedria

133 1053 295 1101 Tulerit,
316 1067 416 1092 neve
437 1052 622 1091 aliorsum
642 1058 759 1104 atque
779 1066 852 1105 ego
870 1052 946 1092 feci
966 1054 1171 1107 acceperit,

132 1119 249 1163 Quod
267 1119 354 1158 heri
372 1119 619 1158 intromissus
640 1132 721 1157 non
742 1123 811 1158 est.
897 1118 972 1158 ΡΗ.
1013 1119 1146 1169 Totus,
1171 1121 1379 1172 Parmeno,

129 1185 273 1225 Tremo
291 1185 519 1238 horreoque,
541 1190 749 1238 postquam
769 1185 905 1238 aspexi
923 1184 1038 1225 hanc.
1124 1187 1195 1228 ΡΑ.
1237 1189 1349 1230 Bono
1367 1191 1500 1231 animo
1518 1205 1560 1232 es
1575 1206 1586 1232 :

130 1253 289 1292 Accede
309 1254 360 1292 ad
378 1254 513 1306 ignem
531 1253 650 1301 hunc,
666 1253 752 1306 jam
772 1253 940 1293 calesces
959 1253 1048 1306 plus
1068 1255 1172 1295 satis.
1559 1262 1583 1299 5

128 1320 205 1359 ΤΗ.
246 1321 344 1364 Quis
362 1320 426 1359 hie
445 1320 644 1373 loquitur?
673 1320 798 1369 ehem,
821 1321 905 1360 tun’
925 1321 990 1360 hic
1010 1335 1105 1371 eras,
1127 1322 1182 1362 mi
1204 1322 1414 1364 Phaedria?

128 1387 236 1430 Quid
253 1387 318 1426 hic
338 1388 479 1436 stabas,
502 1401 573 1426 cur
590 1400 671 1426 non
690 1393 798 1427 recta
816 1388 1035 1428 introibas?
1118 1390 1189 1429 ΡΑ.
1231 1391 1416 1431 Ceterum

127 1453 189 1493 De
210 1453 434 1493 exclusione
453 1454 616 1493 verbum
636 1453 803 1493 nullum.
887 1454 964 1493 ΤΗ.
1001 1455 1108 1499 Quid
1127 1457 1258 1495 taces?

127 1519 202 1558 ΡΗ.
245 1520 359 1567 Sane,
382 1519 473 1571 quia
492 1532 584 1558 vero
602 1518 667 1558 hae
688 1519 786 1558 mihi
804 1524 943 1572 patent
961 1533 1116 1573 semper
1133 1521 1247 1571 fores,

125 1587 210 1625 Aut
229 1586 321 1638 quia
339 1600 426 1625 sum
447 1586 553 1639 apud
571 1591 609 1625 te
628 1585 790 1638 primus.
874 1586 952 1625 ΤΗ.
992 1586 1118 1627 Missa
1134 1588 1244 1629 istaec-
1263 1589 1362 1630 face.
1530 1594 1582 1631 10

126 1653 201 1691 ΡΗ.
242 1652 348 1697 Quid
367 1653 511 1692 missa?
541 1653 577 1691 O
597 1651 729 1700 Thais,
751 1652 882 1701 Thais,
904 1653 1057 1693 utinam
1077 1660 1178 1694 esset
1195 1655 1294 1695 mihi

125 1718 220 1757 Pars
240 1731 355 1770 aequa
375 1718 518 1757 amoris
538 1723 681 1766 tecum,
704 1731 749 1756 ac
769 1718 915 1770 pariter
933 1718 1056 1768 fieret,

123 1786 179 1825 Ut
198 1792 266 1825 aut
283 1786 358 1825 hoc
378 1786 450 1826 tibi
470 1785 618 1825 doleret
636 1785 784 1834 itidem,
805 1791 850 1825 ut
867 1785 967 1825 mihi
986 1786 1116 1836 dolet3

122 1855 207 1893 Aut
225 1867 298 1906 ego
317 1854 416 1892 istuc
437 1854 505 1892 abs
525 1859 563 1892 te
583 1853 732 1892 factum
751 1852 865 1892 nihih'
883 1853 1111 1906 penderem.

121 1921 198 1959 ΤΗ.
239 1921 302 1960 Ne
323 1921 454 1960 crucia
473 1926 510 1958 te
531 1920 702 1967 obsecro,
724 1920 855 1958 anime
875 1920 942 1968 mi,
964 1921 1020 1959 mi
1040 1921 1235 1961 Phaedria.
1528 1926 1577 1964 15

123 1987 215 2026 Non
235 1987 312 2039 pol,
335 2000 412 2039 quo
433 1999 658 2038 quenquam
677 1984 765 2038 plus
784 1998 915 2023 amem
935 1991 1003 2024 aut
1021 1985 1110 2038 plus
1129 1985 1304 2039 diligam,

121 2054 180 2093 Eo
197 2054 274 2093 feci
290 2068 298 2092 :
330 2053 398 2092 sed
418 2053 472 2091 ita
492 2058 575 2091 erat
593 2066 665 2100 res,
686 2051 916 2090 faciundum
935 2050 1022 2089 fuit.

121 2119 193 2158 ΡΑ.
234 2119 371 2166 Credo,
391 2123 437 2157 ut
455 2117 511 2165 fit,
532 2117 675 2156 misera
693 2130 776 2169 prae
795 2129 928 2155 amore
949 2116 1116 2158 exclusti
1133 2117 1240 2158 hunc
1259 2119 1376 2159 foras.

119 2185 196 2224 ΤΗ.
238 2184 390 2223 Siccine
410 2183 505 2236 agis,
529 2182 754 2221 Parmeno?
781 2195 873 2234 age:
904 2183 972 2222 sed
990 2182 1068 2223 huc
1089 2197 1167 2237 qua
1184 2185 1314 2237 gratia

118 2253 175 2292 Te
195 2251 336 2291 arcessi
350 2251 461 2304 jussi,
482 2249 671 2289 ausculta.
757 2249 832 2287 ΡΗ.
875 2249 976 2288 Fiat.
1058 2250 1135 2289 ΤΗ.
1177 2251 1253 2291 Dic
1271 2252 1371 2292 mihi
1521 2257 1572 2293 20
1631 2242 1634 2243 ⁷

121 2320 210 2359 Hoc
230 2319 413 2372 primum,
436 2316 559 2370 potin’
580 2321 638 2355 est
655 2315 720 2355 hic
741 2315 899 2354 tacere?
983 2315 1054 2354 ΡΑ.
1095 2316 1263 2368 Egone?
1290 2323 1463 2371 optume.

119 2386 269 2424 Verum
288 2384 385 2423 heus
405 2388 459 2431 tu,
480 2382 556 2421 hac
574 2381 662 2433 lege
682 2380 754 2419 tibi
771 2393 902 2419 meam
922 2381 1096 2434 astringo
1115 2381 1234 2421 fidem
1251 2397 1260 2421 :

117 2453 218 2496 Quae
238 2464 331 2490 vera
349 2449 493 2496 audivi,
515 2453 625 2487 taceo
645 2452 684 2486 et
703 2445 885 2485 contineo
905 2451 1065 2498 optume
1082 2461 1090 2485 :

118 2519 187 2559 Sin
205 2518 360 2565 falsum,
382 2522 450 2556 aut
468 2529 627 2563 vanum,
649 2518 717 2553 aut
734 2511 933 2559 fictum'st,
957 2513 1143 2566 continuo
1162 2513 1368 2566 palam’st:

117 2586 262 2626 Plenus
281 2585 470 2624 rimarum
490 2596 589 2630 sum,
609 2581 684 2620 hac
705 2585 820 2632 atque
839 2578 929 2618 illac
948 2579 1110 2631 perfluo.
1517 2585 1567 2625 25
1618 2608 1634 2625 4

117 2653 236 2692 Proin
256 2658 309 2701 tu,
332 2651 452 2691 taceri
471 2650 504 2689 si
522 2649 592 2697 vis,
614 2661 708 2687 vera
725 2645 855 2686 dicito.
1618 2649 1620 2651 ’

115 2721 193 2759 ΤΗ.
235 2719 367 2758 Samia
385 2717 484 2759 mihi
502 2721 628 2756 mater
645 2714 744 2754 fuit:
775 2727 822 2753 ea
839 2712 1043 2752 habitabat
1062 2712 1204 2752 Rhodi.

117 2788 189 2826 Ρᾈ.
230 2786 364 2825 Potest
382 2783 502 2823 taceri
520 2782 607 2821 hoc.
691 2777 768 2820 ΤΗ.
808 2779 910 2821 Tum
931 2778 986 2818 ibi
1003 2779 1121 2818 matri
1138 2779 1341 2832 parvolam

119 2853 297 2894 Puellam
316 2853 420 2892 dono
440 2850 600 2905 quidam
619 2853 813 2888 mercator
831 2846 948 2894 dedit,
