1670 3080
480 248 658 289 AC'IUS
690 249 763 312 V..
801 249 985 289 SCENA
1016 249 1116 289 VII.

402 348 619 388 Daunum.
692 348 904 388 Pnonmo.
977 348 1192 389 CannMss.

62 453 143 495 Dr..
180 451 256 493 Dis
273 465 441 506 magnas
460 453 601 492 merito
619 453 766 506 gratias
784 452 913 492 habeo
933 458 1050 506 atque
1070 465 1158 506 ago,

0 517 22 532 ⁸
61 519 232 566 Quando
251 532 418 559 evenere
436 518 524 559 haec
543 519 668 567 nobis,
689 519 821 567 frater,
841 532 1040 572 prospere.

61 587 267 632 Quantum
285 590 427 639 potest,
449 599 556 625 nunc
576 585 875 625 conveniundus
897 585 1084 625 Phormio
1103 590 1174 633 est,

59 654 297 706 Priusquam
316 653 507 706 dilapidat
525 659 679 692 nostras
698 653 863 705 triginta
882 653 1023 701 minas,

58 720 116 760 Ut
134 720 372 760 auferamus.
460 720 536 759 ΡΗ.
578 719 887 772 Demiphonem‚
909 719 942 758 si
961 718 1070 759 domi
1088 723 1159 767 est,
1499 721 1524 759 5

58 786 223 826 Visam:
252 792 298 836 ut
317 785 478 839 quod—
534 786 613 824 ΒΕ.
654 786 711 824 At
730 799 802 825 nos
822 785 874 824 ad
893 790 931 824 te
951 785 1117 834 ibamm,
1140 784 1342 824 Phormio.
1366 814 1370 815 γ

58 853 134 894 ΡΗ.
157 853 220 893 De
239 852 379 893 eadem
398 852 472 891 hac
491 852 656 891 fortasse
676 852 820 891 causa?
865 852 944 891 Da.
967 852 1032 891 Ita
1048 851 1192 891 hercle.
1252 851 1328 891 ΡΗ.
1350 851 1522 891 Credidi.

56 920 164 965 Quid
182 920 234 960 ad
251 934 317 959 me
335 920 451 959 ibatis
466 919 482 958 ’ἶ
508 918 718 958 ridiculum
738 933 747 957 :
778 932 829 957 an
851 918 1043 958 veremini
1058 933 1068 967 ;

55 987 120 1028 Ne
139 1000 221 1026 non
240 985 282 1025 id
299 986 484 1032 facerem,
506 983 613 1037 quod
631 983 868 1036 recepissem
889 983 1035 1023 semel?

55 1055 170 1094 Heus
186 1054 196 1093 !
227 1058 376 1107 quanta
394 1057 543 1104 quanta
561 1051 647 1090 haec
666 1064 757 1090 mea
774 1056 986 1104 paupertas
1006 1055 1075 1099 est,
1097 1055 1232 1090 tamen
1471 1052 1520 1088 10

54 1121 200 1162 Adhuc
220 1119 355 1160 curavi
372 1133 498 1159 unum
516 1118 592 1157 hoc
613 1118 786 1171 quidem,
807 1123 852 1156 ut
869 1117 926 1156 mi
945 1113 1052 1157 esset
1065 1116 1174 1156 fides.

54 1189 129 1228 Cu.
169 1189 291 1228 Estne
311 1187 377 1236 ita,
397 1186 456 1226 uti
476 1186 570 1234 dixi,
591 1185 791 1225 liberalis?
874 1184 953 1223 Da.
994 1184 1165 1237 Oppido.

54 1257 130 1297 Pa.
172 1256 298 1309 quue
319 1255 417 1294 adeo
436 1254 605 1294 advenio
623 1254 864 1301 nuntiatum,
886 1252 1100 1305 Demipho,

54 1323 242 1363 Paratum
260 1336 325 1362 me
346 1335 429 1361 esse
447 1336 454 1360 :
484 1322 554 1360 ubi
572 1321 698 1368 voltis,
719 1333 886 1359 uxorem
906 1319 1010 1358 date.

53 1390 161 1430 Nam
180 1403 318 1429 omnes
336 1388 545 1441 posthabui
564 1387 663 1426 mihi
681 1401 753 1434 res,
775 1386 830 1425 ita
848 1386 907 1425 uti
926 1399 998 1438 par
1017 1385 1103 1433 fuit,
1468 1385 1514 1421 15

52 1455 281 1508 Postquam,
303 1460 507 1506 tantopere
526 1453 568 1492 id
587 1467 656 1492 vos
675 1452 788 1500 velle,
811 1452 1181 1491 animadverteram.

51 1521 131 1562 Dr„
170 1522 228 1561 At
244 1521 309 1560 hic
330 1520 557 1560 dehortatus
577 1525 636 1558 est
654 1532 731 1566 me,
753 1532 803 1557 ne
824 1517 934 1556 illam
954 1517 1025 1556 tibi
1045 1517 1180 1556 darem
1197 1530 1206 1555 :

52 1588 159 1628 Nam
179 1588 247 1642 qui
267 1588 341 1627 erit
358 1600 493 1626 rumor
510 1585 658 1639 populi,
681 1584 821 1636 inquit,
843 1584 876 1623 si
894 1584 936 1624 id
954 1584 1124 1624 feceris?

52 1654 159 1695 Olim
180 1667 271 1694 cum
290 1653 454 1692 honeste
474 1651 614 1705 potuit,
637 1656 722 1689 tum
742 1663 822 1688 non
843 1655 903 1689 est
921 1650 1014 1688 data
1030 1663 1038 1688 :

51 1722 172 1761 Nunc
190 1721 351 1761 viduam
371 1718 528 1758 extrudi
547 1717 714 1770 turpe’st
730 1731 738 1755 :
769 1717 893 1755 ferme
915 1716 1055 1755 eadem
1076 1715 1222 1764 omnia,
1461 1717 1512 1752 20

51 1789 152 1833 Quae
172 1792 255 1826 tute
274 1785 425 1826 dudum
445 1797 578 1823 coram
597 1796 662 1822 me
682 1782 943 1821 incusaveras.

50 1853 127 1893 Pu.
168 1851 270 1892 Satis
287 1850 355 1904 pol
374 1850 540 1902 superbe
559 1847 722 1887 illuditis
741 1861 818 1886 me.
902 1847 981 1886 DE.
1021 1846 1127 1891 Qui?
1211 1846 1286 1885 ΡΗ.
1326 1846 1486 1900 Rogas?

50 1918 156 1964 Quia
174 1931 225 1957 ne
244 1916 409 1957 alteram
431 1914 592 1967 quidem
611 1913 722 1952 illam
740 1918 877 1966 potero
897 1912 1064 1951 ducere:

49 1986 158 2026 Nam
177 1997 255 2037 quo
273 1982 409 2023 redibo
429 1995 494 2021 ore
514 1980 565 2020 ad
584 1994 684 2028 eam,
706 1993 825 2032 quam
845 1978 1152 2018 contemserim?

50 2053 125 2092 Cn.
164 2052 268 2091 Tum
287 2055 419 2090 autem
440 2046 714 2100 Antiphonem
734 2045 849 2085 video
868 2045 918 2084 ab
938 2058 1019 2084 sese
1040 2045 1221 2083 amittere
1459 2045 1507 2081 25

49 2118 227 2160 Invitum
247 2130 359 2165 eam:
389 2116 522 2168 inque.
607 2114 686 2152 DE.
725 2113 829 2152 Tum
849 2117 983 2151 autem
1003 2111 1119 2151 video
1138 2111 1265 2151 filium

50 2185 228 2226 Invitum
248 2196 342 2223 sane
361 2181 569 2221 mulierem
588 2179 638 2219 ab
658 2193 699 2218 se
719 2178 912 2218 amittere.

50 2251 128 2292 Sed
146 2250 268 2290 transi
288 2249 400 2289 sodes
420 2248 471 2287 ad
488 2247 630 2295 forum,
654 2252 770 2298 atque
790 2245 890 2285 illud
907 2244 1007 2284 mihi

0 2311 273 2393 †Argentum
292 2328 448 2355 rursum
463 2313 559 2365 jube
578 2311 974 2359 rescribifl-Phormio.
1502 2360 1504 2362 ‚

50 2384 126 2425 Pu.
165 2383 332 2428 Quodne
353 2395 426 2434 ego
445 2379 623 2432 discripsi
642 2359 762 2431 porrol
777 2377 866 2425 illis,
888 2377 1029 2429 quibus
1048 2376 1197 2416 debui?
1456 2378 1508 2414 30

49 2451 128 2492 DE.
167 2451 274 2496 Quid
291 2449 412 2501 igitur
430 2447 527 2486 fiet?
611 2446 686 2485 ΡΗ.
727 2445 768 2483 Si
787 2444 845 2483 vis
863 2443 920 2483 mi
938 2457 1105 2482 uxorem
1125 2443 1231 2491 dare,

49 2517 180 2563 Quam
199 2513 452 2568 despondisfi,
475 2513 617 2551 ducam
635 2525 643 2549 :
674 2510 735 2549 sin
755 2515 826 2557 est,
846 2515 892 2548 ut
911 2508 1020 2557 velis,

49 2583 215 2624 Manere
234 2582 343 2622 illam
363 2580 469 2633 apud
487 2586 537 2627 te,
560 2579 629 2618 dos
648 2577 711 2616 hic
731 2582 902 2623 maneat,
925 2574 1137 2628 Demipho.

48 2649 156 2690 Nam
174 2661 255 2687 non
275 2652 334 2686 est
352 2659 521 2699 aequom,
542 2658 607 2683 me
627 2649 788 2696 propter
805 2656 874 2681 vos
894 2641 1045 2694 decipi:

48 2715 150 2755 Cum
169 2727 243 2766 ego
261 2712 382 2752 vostri
400 2710 562 2750 honoris
582 2723 699 2748 causa
718 2707 928 2760 repudium
947 2707 1082 2746 alterae
1452 2708 1501 2745 35

48 2781 295 2829 Remiserim,
317 2792 405 2832 quae
426 2777 527 2817 dotis
546 2776 778 2815 tantundem
799 2775 918 2813 dabat
