<?xml version="1.0" encoding="UTF-8"?>
<!DOCTYPE html PUBLIC "-//W3C//DTD XHTML 1.0 Transitional//EN"
    "http://www.w3.org/TR/xhtml1/DTD/xhtml1-transitional.dtd">
<html xmlns="http://www.w3.org/1999/xhtml" xml:lang="en" lang="en">
 <head>
  <title>
</title>
<meta http-equiv="Content-Type" content="text/html;charset=utf-8" />
  <meta name='ocr-system' content='tesseract 3.04.00' />
  <meta name='ocr-capabilities' content='ocr_page ocr_carea ocr_par ocr_line ocrx_word'/>
</head>
<body>
  <div class='ocr_page' id='page_1' title='image "./comoediaesext00tereuoft_0126.png"; bbox 0 0 1670 3080; ppageno 0'>
   <div class='ocr_carea' id='block_1_1' title="bbox 122 164 1185 214">
    <p class='ocr_par' dir='ltr' id='par_1_1' title="bbox 122 164 1185 214">
     <span class='ocr_line' id='line_1_1' title="bbox 122 164 1185 214; baseline 0.005 -5"><span class='ocrx_word' id='word_1_1' title='bbox 122 164 186 210; x_wconf 82' lang='grc'><strong>88</strong></span> <span class='ocrx_word' id='word_1_2' title='bbox 516 180 763 212; x_wconf 87' lang='lat' dir='ltr'>HEAUTON</span> <span class='ocrx_word' id='word_1_3' title='bbox 800 181 1185 214; x_wconf 79' lang='lat' dir='ltr'><strong>TIMORUMENOS.</strong></span> 
     </span>
    </p>
   </div>
   <div class='ocr_carea' id='block_1_2' title="bbox 90 264 1576 2828">
    <p class='ocr_par' dir='ltr' id='par_1_2' title="bbox 115 264 1145 316">
     <span class='ocr_line' id='line_1_2' title="bbox 115 264 1145 316; baseline 0.003 -13"><span class='ocrx_word' id='word_1_4' title='bbox 115 264 216 308; x_wconf 83' lang='lat' dir='ltr'><strong>Quae</strong></span> <span class='ocrx_word' id='word_1_5' title='bbox 236 269 295 303; x_wconf 89' lang='lat' dir='ltr'><strong>est</strong></span> <span class='ocrx_word' id='word_1_6' title='bbox 313 264 420 304; x_wconf 87' lang='lat' dir='ltr'><strong>dicta</strong></span> <span class='ocrx_word' id='word_1_7' title='bbox 438 271 565 305; x_wconf 90' lang='lat' dir='ltr'><strong>mater</strong></span> <span class='ocrx_word' id='word_1_8' title='bbox 584 280 667 306; x_wconf 87' lang='lat' dir='ltr'><strong>esse</strong></span> <span class='ocrx_word' id='word_1_9' title='bbox 687 267 723 306; x_wconf 88' lang='lat' dir='ltr'><strong>ei</strong></span> <span class='ocrx_word' id='word_1_10' title='bbox 742 267 922 316; x_wconf 86' lang='lat' dir='ltr'><strong>antehac,</strong></span> <span class='ocrx_word' id='word_1_11' title='bbox 943 281 1025 306; x_wconf 92' lang='lat' dir='ltr'><strong>non</strong></span> <span class='ocrx_word' id='word_1_12' title='bbox 1044 267 1120 307; x_wconf 84' lang='lat' dir='ltr'><strong>fuit</strong></span> <span class='ocrx_word' id='word_1_13' title='bbox 1137 281 1145 306; x_wconf 90' lang='lat'>:</span> 
     </span>
    </p>

    <p class='ocr_par' dir='ltr' id='par_1_3' title="bbox 111 329 1576 444">
     <span class='ocr_line' id='line_1_3' title="bbox 112 329 1576 385; baseline 0.003 -17"><span class='ocrx_word' id='word_1_14' title='bbox 112 329 171 369; x_wconf 85' lang='lat' dir='ltr'><strong>Ea</strong></span> <span class='ocrx_word' id='word_1_15' title='bbox 191 331 288 369; x_wconf 93' lang='lat' dir='ltr'><strong>obiit</strong></span> <span class='ocrx_word' id='word_1_16' title='bbox 306 337 477 370; x_wconf 91' lang='lat' dir='ltr'><strong>mortem</strong></span> <span class='ocrx_word' id='word_1_17' title='bbox 493 346 501 370; x_wconf 92' lang='lat'>:</span> <span class='ocrx_word' id='word_1_18' title='bbox 532 346 583 371; x_wconf 90' lang='lat' dir='ltr'><strong>ex</strong></span> <span class='ocrx_word' id='word_1_19' title='bbox 602 333 687 385; x_wconf 89' lang='lat' dir='ltr'><strong>ipsa</strong></span> <span class='ocrx_word' id='word_1_20' title='bbox 704 333 746 371; x_wconf 93' lang='lat' dir='ltr'><strong>in</strong></span> <span class='ocrx_word' id='word_1_21' title='bbox 764 333 862 372; x_wconf 89' lang='lat' dir='ltr'><strong>itere</strong></span> <span class='ocrx_word' id='word_1_22' title='bbox 880 333 968 381; x_wconf 92' lang='lat' dir='ltr'><strong>hoc,</strong></span> <span class='ocrx_word' id='word_1_23' title='bbox 991 333 1127 372; x_wconf 87' lang='lat' dir='ltr'><strong>alterae</strong></span> <span class='ocrx_word' id='word_1_24' title='bbox 1524 335 1576 372; x_wconf 82' lang='lat'><strong>30</strong></span> 
     </span>
     <span class='ocr_line' id='line_1_4' title="bbox 111 394 1295 444; baseline 0.003 -11"><span class='ocrx_word' id='word_1_25' title='bbox 111 394 223 433; x_wconf 90' lang='lat' dir='ltr'><strong>Dum</strong></span> <span class='ocrx_word' id='word_1_26' title='bbox 242 402 387 444; x_wconf 89' lang='lat' dir='ltr'><strong>narrat,</strong></span> <span class='ocrx_word' id='word_1_27' title='bbox 409 396 509 435; x_wconf 87' lang='lat' dir='ltr'><strong>forte</strong></span> <span class='ocrx_word' id='word_1_28' title='bbox 530 396 674 436; x_wconf 89' lang='lat' dir='ltr'><strong>audivi.</strong></span> <span class='ocrx_word' id='word_1_29' title='bbox 733 398 846 436; x_wconf 69' lang='lat' dir='ltr'><strong>Cm‘r.</strong></span> <span class='ocrx_word' id='word_1_30' title='bbox 877 398 1126 442; x_wconf 84' lang='lat' dir='ltr'><strong>Quaenam’st</strong></span> <span class='ocrx_word' id='word_1_31' title='bbox 1144 397 1295 436; x_wconf 80' lang='lat' dir='ltr'><strong>altera?</strong></span> 
     </span>
    </p>

    <p class='ocr_par' dir='ltr' id='par_1_4' title="bbox 111 462 1369 516">
     <span class='ocr_line' id='line_1_5' title="bbox 111 462 1369 516; baseline 0.001 -16"><span class='ocrx_word' id='word_1_32' title='bbox 111 462 177 500; x_wconf 79' lang='lat' dir='ltr'><strong>Sr.</strong></span> <span class='ocrx_word' id='word_1_33' title='bbox 210 462 358 500; x_wconf 91' lang='lat' dir='ltr'><strong>Mane:</strong></span> <span class='ocrx_word' id='word_1_34' title='bbox 388 462 475 510; x_wconf 92' lang='lat' dir='ltr'><strong>hoc,</strong></span> <span class='ocrx_word' id='word_1_35' title='bbox 499 463 605 515; x_wconf 90' lang='lat' dir='ltr'><strong>quod</strong></span> <span class='ocrx_word' id='word_1_36' title='bbox 624 464 738 515; x_wconf 88' lang='lat' dir='ltr'><strong>coepi,</strong></span> <span class='ocrx_word' id='word_1_37' title='bbox 759 464 934 516; x_wconf 91' lang='lat' dir='ltr'><strong>primum</strong></span> <span class='ocrx_word' id='word_1_38' title='bbox 954 477 1148 512; x_wconf 83' lang='lat' dir='ltr'>enarrem,</span> <span class='ocrx_word' id='word_1_39' title='bbox 1171 463 1369 516; x_wconf 84' lang='lat' dir='ltr'><strong>Clitipho:</strong></span> 
     </span>
    </p>

    <p class='ocr_par' dir='ltr' id='par_1_5' title="bbox 108 526 1572 647">
     <span class='ocr_line' id='line_1_6' title="bbox 110 526 1572 581; baseline 0.003 -16"><span class='ocrx_word' id='word_1_40' title='bbox 110 526 204 566; x_wconf 85' lang='lat' dir='ltr'><strong>Post</strong></span> <span class='ocrx_word' id='word_1_41' title='bbox 222 527 323 567; x_wconf 89' lang='lat' dir='ltr'><strong>istuc</strong></span> <span class='ocrx_word' id='word_1_42' title='bbox 343 527 514 566; x_wconf 90' lang='lat' dir='ltr'><strong>veniam.</strong></span> <span class='ocrx_word' id='word_1_43' title='bbox 581 528 693 567; x_wconf 79' lang='lat' dir='ltr'><strong>C1.1¹r.</strong></span> <span class='ocrx_word' id='word_1_44' title='bbox 728 529 911 581; x_wconf 87' lang='lat' dir='ltr'><strong>Propera.</strong></span> <span class='ocrx_word' id='word_1_45' title='bbox 978 530 1044 567; x_wconf 76' lang='lat' dir='ltr'><strong>SY.</strong></span> <span class='ocrx_word' id='word_1_46' title='bbox 1076 530 1100 568; x_wconf 91' lang='lat' dir='ltr'><strong>J</strong></span> <span class='ocrx_word' id='word_1_47' title='bbox 1104 543 1168 568; x_wconf 88' lang='lat' dir='ltr'><strong>am</strong></span> <span class='ocrx_word' id='word_1_48' title='bbox 1187 529 1361 581; x_wconf 88' lang='lat' dir='ltr'><strong>primum</strong></span> <span class='ocrx_word' id='word_1_49' title='bbox 1382 530 1572 576; x_wconf 89' lang='lat' dir='ltr'><strong>omnium,</strong></span> 
     </span>
     <span class='ocr_line' id='line_1_7' title="bbox 108 592 1129 647; baseline 0.003 -16"><span class='ocrx_word' id='word_1_50' title='bbox 108 592 189 631; x_wconf 91' lang='lat' dir='ltr'><strong>Ubi</strong></span> <span class='ocrx_word' id='word_1_51' title='bbox 208 600 373 632; x_wconf 90' lang='lat' dir='ltr'><strong>ventum</strong></span> <span class='ocrx_word' id='word_1_52' title='bbox 393 594 444 632; x_wconf 90' lang='lat' dir='ltr'><strong>ad</strong></span> <span class='ocrx_word' id='word_1_53' title='bbox 462 593 569 632; x_wconf 89' lang='lat' dir='ltr'><strong>aedes</strong></span> <span class='ocrx_word' id='word_1_54' title='bbox 590 599 661 642; x_wconf 88' lang='lat' dir='ltr'><strong>est,</strong></span> <span class='ocrx_word' id='word_1_55' title='bbox 684 594 836 633; x_wconf 91' lang='lat' dir='ltr'><strong>Dromo</strong></span> <span class='ocrx_word' id='word_1_56' title='bbox 854 594 984 647; x_wconf 89' lang='lat' dir='ltr'><strong>pultat</strong></span> <span class='ocrx_word' id='word_1_57' title='bbox 1002 595 1104 634; x_wconf 89' lang='lat' dir='ltr'><strong>fores</strong></span> <span class='ocrx_word' id='word_1_58' title='bbox 1121 610 1129 634; x_wconf 93' lang='lat'>:</span> 
     </span>
    </p>

    <p class='ocr_par' dir='ltr' id='par_1_6' title="bbox 106 659 1570 779">
     <span class='ocr_line' id='line_1_8' title="bbox 107 659 1570 713; baseline 0.003 -16"><span class='ocrx_word' id='word_1_59' title='bbox 107 659 222 697; x_wconf 89' lang='lat' dir='ltr'><strong>Anus</strong></span> <span class='ocrx_word' id='word_1_60' title='bbox 242 659 426 711; x_wconf 83' lang='lat' dir='ltr'><strong>quaedam</strong></span> <span class='ocrx_word' id='word_1_61' title='bbox 444 659 575 711; x_wconf 84' lang='lat' dir='ltr'><strong>prodit</strong></span> <span class='ocrx_word' id='word_1_62' title='bbox 591 673 599 697; x_wconf 92' lang='lat'>:</span> <span class='ocrx_word' id='word_1_63' title='bbox 630 659 718 699; x_wconf 91' lang='lat' dir='ltr'><strong>haec</strong></span> <span class='ocrx_word' id='word_1_64' title='bbox 738 660 807 698; x_wconf 92' lang='lat' dir='ltr'><strong>ubi</strong></span> <span class='ocrx_word' id='word_1_65' title='bbox 826 660 953 713; x_wconf 86' lang='lat' dir='ltr'><strong>aperit</strong></span> <span class='ocrx_word' id='word_1_66' title='bbox 974 660 1130 708; x_wconf 88' lang='lat' dir='ltr'><strong>ostium,</strong></span> <span class='ocrx_word' id='word_1_67' title='bbox 1521 665 1570 701; x_wconf 87' lang='lat'><strong>35</strong></span> 
     </span>
     <span class='ocr_line' id='line_1_9' title="bbox 106 724 1137 779; baseline 0.002 -16"><span class='ocrx_word' id='word_1_68' title='bbox 106 724 304 763; x_wconf 88' lang='lat' dir='ltr'><strong>Continuo</strong></span> <span class='ocrx_word' id='word_1_69' title='bbox 322 725 388 764; x_wconf 88' lang='lat' dir='ltr'><strong>hic</strong></span> <span class='ocrx_word' id='word_1_70' title='bbox 409 739 450 764; x_wconf 92' lang='lat' dir='ltr'><strong>se</strong></span> <span class='ocrx_word' id='word_1_71' title='bbox 470 725 640 777; x_wconf 90' lang='lat' dir='ltr'><strong>conjecit</strong></span> <span class='ocrx_word' id='word_1_72' title='bbox 659 725 775 773; x_wconf 87' lang='lat' dir='ltr'><strong>intro,</strong></span> <span class='ocrx_word' id='word_1_73' title='bbox 799 739 872 778; x_wconf 85' lang='lat' dir='ltr'><strong>ego</strong></span> <span class='ocrx_word' id='word_1_74' title='bbox 892 739 1112 779; x_wconf 90' lang='lat' dir='ltr'><strong>consequor</strong></span> <span class='ocrx_word' id='word_1_75' title='bbox 1129 741 1137 765; x_wconf 93' lang='lat'>:</span> 
     </span>
    </p>

    <p class='ocr_par' dir='ltr' id='par_1_7' title="bbox 105 790 1111 843">
     <span class='ocr_line' id='line_1_10' title="bbox 105 790 1111 843; baseline 0 -14"><span class='ocrx_word' id='word_1_76' title='bbox 105 791 221 830; x_wconf 86' lang='lat' dir='ltr'><strong>Anus</strong></span> <span class='ocrx_word' id='word_1_77' title='bbox 239 791 387 830; x_wconf 85' lang='lat' dir='ltr'><strong>foribus</strong></span> <span class='ocrx_word' id='word_1_78' title='bbox 407 791 517 830; x_wconf 93' lang='lat' dir='ltr'><strong>obdit</strong></span> <span class='ocrx_word' id='word_1_79' title='bbox 534 790 750 843; x_wconf 88' lang='lat' dir='ltr'>pessulum,</span> <span class='ocrx_word' id='word_1_80' title='bbox 773 791 824 830; x_wconf 90' lang='lat' dir='ltr'><strong>ad</strong></span> <span class='ocrx_word' id='word_1_81' title='bbox 843 790 977 829; x_wconf 91' lang='lat' dir='ltr'><strong>lanam</strong></span> <span class='ocrx_word' id='word_1_82' title='bbox 998 791 1111 831; x_wconf 89' lang='lat' dir='ltr'><strong>redit.</strong></span> 
     </span>
    </p>

    <p class='ocr_par' dir='ltr' id='par_1_8' title="bbox 105 856 1051 910">
     <span class='ocr_line' id='line_1_11' title="bbox 105 856 1051 910; baseline 0.001 -15"><span class='ocrx_word' id='word_1_83' title='bbox 105 856 185 896; x_wconf 90' lang='lat' dir='ltr'><strong>Hic</strong></span> <span class='ocrx_word' id='word_1_84' title='bbox 205 857 296 896; x_wconf 89' lang='lat' dir='ltr'><strong>sciri</strong></span> <span class='ocrx_word' id='word_1_85' title='bbox 315 858 454 910; x_wconf 91' lang='lat' dir='ltr'><strong>potuit,</strong></span> <span class='ocrx_word' id='word_1_86' title='bbox 477 863 546 897; x_wconf 90' lang='lat' dir='ltr'><strong>aut</strong></span> <span class='ocrx_word' id='word_1_87' title='bbox 564 871 761 910; x_wconf 85' lang='lat' dir='ltr'>nusquam</span> <span class='ocrx_word' id='word_1_88' title='bbox 781 857 886 905; x_wconf 87' lang='lat' dir='ltr'><strong>alibi,</strong></span> <span class='ocrx_word' id='word_1_89' title='bbox 911 857 1051 906; x_wconf 91' lang='lat' dir='ltr'><strong>Clinia,</strong></span> 
     </span>
    </p>

    <p class='ocr_par' dir='ltr' id='par_1_9' title="bbox 103 925 1080 976">
     <span class='ocr_line' id='line_1_12' title="bbox 103 925 1080 976; baseline 0 -13"><span class='ocrx_word' id='word_1_90' title='bbox 103 925 192 968; x_wconf 86' lang='lat' dir='ltr'><strong>Quo</strong></span> <span class='ocrx_word' id='word_1_91' title='bbox 212 925 342 963; x_wconf 83' lang='lat' dir='ltr'><strong>studio</strong></span> <span class='ocrx_word' id='word_1_92' title='bbox 361 925 484 964; x_wconf 88' lang='lat' dir='ltr'><strong>vitam</strong></span> <span class='ocrx_word' id='word_1_93' title='bbox 504 938 617 964; x_wconf 88' lang='lat' dir='ltr'><strong>suam</strong></span> <span class='ocrx_word' id='word_1_94' title='bbox 636 931 674 964; x_wconf 91' lang='lat' dir='ltr'><strong>te</strong></span> <span class='ocrx_word' id='word_1_95' title='bbox 695 926 856 964; x_wconf 86' lang='lat' dir='ltr'><strong>absente</strong></span> <span class='ocrx_word' id='word_1_96' title='bbox 877 925 1054 976; x_wconf 83' lang='lat' dir='ltr'><strong>exegerit</strong></span> <span class='ocrx_word' id='word_1_97' title='bbox 1070 939 1080 973; x_wconf 93' lang='lat'>;</span> 
     </span>
    </p>

    <p class='ocr_par' dir='ltr' id='par_1_10' title="bbox 102 990 1570 1109">
     <span class='ocr_line' id='line_1_13' title="bbox 102 990 1570 1043; baseline 0.001 -14"><span class='ocrx_word' id='word_1_98' title='bbox 102 990 182 1029; x_wconf 90' lang='lat' dir='ltr'><strong>Ubi</strong></span> <span class='ocrx_word' id='word_1_99' title='bbox 201 990 250 1030; x_wconf 87' lang='lat' dir='ltr'><strong>de</strong></span> <span class='ocrx_word' id='word_1_100' title='bbox 270 991 484 1043; x_wconf 92' lang='lat' dir='ltr'><strong>improviso</strong></span> <span class='ocrx_word' id='word_1_101' title='bbox 503 996 562 1030; x_wconf 91' lang='lat' dir='ltr'><strong>est</strong></span> <span class='ocrx_word' id='word_1_102' title='bbox 580 991 848 1030; x_wconf 85' lang='lat' dir='ltr'><strong>interventum</strong></span> <span class='ocrx_word' id='word_1_103' title='bbox 868 990 1025 1029; x_wconf 92' lang='lat' dir='ltr'><strong>mulieri</strong></span> <span class='ocrx_word' id='word_1_104' title='bbox 1042 1005 1050 1028; x_wconf 76' lang='grc' dir='ltr'>ε</span> <span class='ocrx_word' id='word_1_105' title='bbox 1518 994 1570 1030; x_wconf 84' lang='grc'><strong>40</strong></span> 
     </span>
     <span class='ocr_line' id='line_1_14' title="bbox 103 1056 1051 1109; baseline 0 -14"><span class='ocrx_word' id='word_1_106' title='bbox 103 1056 213 1095; x_wconf 93' lang='lat' dir='ltr'><strong>Nam</strong></span> <span class='ocrx_word' id='word_1_107' title='bbox 234 1071 281 1096; x_wconf 89' lang='lat' dir='ltr'><strong>ea</strong></span> <span class='ocrx_word' id='word_1_108' title='bbox 299 1063 384 1096; x_wconf 90' lang='lat' dir='ltr'><strong>tum</strong></span> <span class='ocrx_word' id='word_1_109' title='bbox 403 1071 464 1097; x_wconf 91' lang='lat' dir='ltr'><strong>res</strong></span> <span class='ocrx_word' id='word_1_110' title='bbox 484 1058 592 1097; x_wconf 87' lang='lat' dir='ltr'><strong>dedit</strong></span> <span class='ocrx_word' id='word_1_111' title='bbox 611 1057 876 1096; x_wconf 87' lang='lat' dir='ltr'><strong>existumandi</strong></span> <span class='ocrx_word' id='word_1_112' title='bbox 896 1057 1051 1109; x_wconf 91' lang='lat' dir='ltr'><strong>copiam</strong></span> 
     </span>
    </p>

    <p class='ocr_par' dir='ltr' id='par_1_11' title="bbox 106 1122 846 1170">
     <span class='ocr_line' id='line_1_15' title="bbox 106 1122 846 1170; baseline 0 -10"><span class='ocrx_word' id='word_1_113' title='bbox 106 1122 360 1166; x_wconf 81' lang='lat' dir='ltr'><strong>Quotidianae</strong></span> <span class='ocrx_word' id='word_1_114' title='bbox 381 1123 473 1161; x_wconf 87' lang='lat' dir='ltr'><strong>vitae</strong></span> <span class='ocrx_word' id='word_1_115' title='bbox 493 1122 821 1162; x_wconf 82' lang='lat' dir='ltr'><strong>consuetudinem</strong></span> <span class='ocrx_word' id='word_1_116' title='bbox 836 1137 846 1170; x_wconf 90' lang='lat'>;</span> 
     </span>
    </p>

    <p class='ocr_par' dir='ltr' id='par_1_12' title="bbox 101 1188 1210 1242">
     <span class='ocr_line' id='line_1_16' title="bbox 101 1188 1210 1242; baseline -0.001 -14"><span class='ocrx_word' id='word_1_117' title='bbox 101 1189 214 1237; x_wconf 86' lang='lat' dir='ltr'><strong>Quae,</strong></span> <span class='ocrx_word' id='word_1_118' title='bbox 237 1189 426 1242; x_wconf 88' lang='lat' dir='ltr'><strong>cujusque</strong></span> <span class='ocrx_word' id='word_1_119' title='bbox 446 1189 653 1241; x_wconf 89' lang='lat' dir='ltr'><strong>ingenium</strong></span> <span class='ocrx_word' id='word_1_120' title='bbox 671 1194 717 1228; x_wconf 92' lang='lat' dir='ltr'><strong>ut</strong></span> <span class='ocrx_word' id='word_1_121' title='bbox 736 1189 796 1236; x_wconf 89' lang='lat' dir='ltr'><strong>sit,</strong></span> <span class='ocrx_word' id='word_1_122' title='bbox 819 1188 992 1228; x_wconf 88' lang='lat' dir='ltr'><strong>declarat</strong></span> <span class='ocrx_word' id='word_1_123' title='bbox 1011 1202 1210 1230; x_wconf 84' lang='lat' dir='ltr'><strong>maxume.</strong></span> 
     </span>
    </p>

    <p class='ocr_par' dir='ltr' id='par_1_13' title="bbox 99 1253 1079 1306">
     <span class='ocr_line' id='line_1_17' title="bbox 99 1253 1079 1306; baseline 0.001 -14"><span class='ocrx_word' id='word_1_124' title='bbox 99 1253 320 1294; x_wconf 88' lang='lat' dir='ltr'><strong>Texentem</strong></span> <span class='ocrx_word' id='word_1_125' title='bbox 340 1254 460 1294; x_wconf 90' lang='lat' dir='ltr'><strong>telam</strong></span> <span class='ocrx_word' id='word_1_126' title='bbox 481 1254 652 1293; x_wconf 86' lang='lat' dir='ltr'><strong>studiose</strong></span> <span class='ocrx_word' id='word_1_127' title='bbox 672 1254 799 1306; x_wconf 87' lang='lat' dir='ltr'><strong>ipsam</strong></span> <span class='ocrx_word' id='word_1_128' title='bbox 819 1254 1079 1302; x_wconf 80' lang='lat' dir='ltr'><strong>offendimus3</strong></span> 
     </span>
    </p>

    <p class='ocr_par' dir='ltr' id='par_1_14' title="bbox 100 1319 1563 1439">
     <span class='ocr_line' id='line_1_18' title="bbox 101 1319 1563 1370; baseline 0.001 -12"><span class='ocrx_word' id='word_1_129' title='bbox 101 1319 357 1358; x_wconf 87' lang='lat' dir='ltr'><strong>Mediocriter</strong></span> <span class='ocrx_word' id='word_1_130' title='bbox 376 1319 559 1358; x_wconf 85' lang='lat' dir='ltr'><strong>vestitam</strong></span> <span class='ocrx_word' id='word_1_131' title='bbox 579 1325 687 1358; x_wconf 89' lang='lat' dir='ltr'><strong>veste</strong></span> <span class='ocrx_word' id='word_1_132' title='bbox 706 1319 877 1370; x_wconf 87' lang='lat' dir='ltr'><strong>lugubri,</strong></span> <span class='ocrx_word' id='word_1_133' title='bbox 1511 1322 1563 1359; x_wconf 88' lang='lat'><strong>45</strong></span> 
     </span>
     <span class='ocr_line' id='line_1_19' title="bbox 100 1385 1055 1439; baseline 0.001 -16"><span class='ocrx_word' id='word_1_134' title='bbox 100 1385 195 1438; x_wconf 86' lang='lat' dir='ltr'><strong>Ejus</strong></span> <span class='ocrx_word' id='word_1_135' title='bbox 216 1386 329 1425; x_wconf 82' lang='lat' dir='ltr'><strong>anuis</strong></span> <span class='ocrx_word' id='word_1_136' title='bbox 350 1399 479 1434; x_wconf 88' lang='lat' dir='ltr'><strong>causa,</strong></span> <span class='ocrx_word' id='word_1_137' title='bbox 502 1386 652 1439; x_wconf 89' lang='lat' dir='ltr'><strong>opinor,</strong></span> <span class='ocrx_word' id='word_1_138' title='bbox 674 1399 763 1438; x_wconf 90' lang='lat' dir='ltr'><strong>quae</strong></span> <span class='ocrx_word' id='word_1_139' title='bbox 785 1391 869 1424; x_wconf 89' lang='lat' dir='ltr'><strong>erat</strong></span> <span class='ocrx_word' id='word_1_140' title='bbox 888 1391 1055 1433; x_wconf 84' lang='lat' dir='ltr'><strong>mortua,</strong></span> 
     </span>
    </p>

    <p class='ocr_par' dir='ltr' id='par_1_15' title="bbox 99 1452 1253 1505">
     <span class='ocr_line' id='line_1_20' title="bbox 99 1452 1253 1505; baseline 0.002 -15"><span class='ocrx_word' id='word_1_141' title='bbox 99 1452 192 1490; x_wconf 90' lang='lat' dir='ltr'><strong>Sine</strong></span> <span class='ocrx_word' id='word_1_142' title='bbox 212 1466 306 1491; x_wconf 87' lang='lat' dir='ltr'><strong>auro</strong></span> <span class='ocrx_word' id='word_1_143' title='bbox 323 1466 331 1491; x_wconf 92' lang='lat'>:</span> <span class='ocrx_word' id='word_1_144' title='bbox 363 1458 448 1491; x_wconf 92' lang='lat' dir='ltr'><strong>tum</strong></span> <span class='ocrx_word' id='word_1_145' title='bbox 469 1458 660 1491; x_wconf 89' lang='lat' dir='ltr'><strong>ornatam.</strong></span> <span class='ocrx_word' id='word_1_146' title='bbox 682 1453 739 1491; x_wconf 93' lang='lat' dir='ltr'><strong>ita</strong></span> <span class='ocrx_word' id='word_1_147' title='bbox 756 1452 815 1491; x_wconf 89' lang='lat' dir='ltr'><strong>uti</strong></span> <span class='ocrx_word' id='word_1_148' title='bbox 835 1466 925 1505; x_wconf 85' lang='lat' dir='ltr'><strong>quae</strong></span> <span class='ocrx_word' id='word_1_149' title='bbox 945 1459 1135 1492; x_wconf 87' lang='lat' dir='ltr'><strong>ornantur</strong></span> <span class='ocrx_word' id='word_1_150' title='bbox 1154 1452 1227 1492; x_wconf 90' lang='lat' dir='ltr'><strong>sibi</strong></span> <span class='ocrx_word' id='word_1_151' title='bbox 1243 1467 1253 1501; x_wconf 90' lang='lat'>;</span> 
     </span>
    </p>

    <p class='ocr_par' dir='ltr' id='par_1_16' title="bbox 98 1518 1012 1571">
     <span class='ocr_line' id='line_1_21' title="bbox 98 1518 1012 1571; baseline 0 -14"><span class='ocrx_word' id='word_1_152' title='bbox 98 1518 222 1558; x_wconf 86' lang='lat' dir='ltr'><strong>Nulla</strong></span> <span class='ocrx_word' id='word_1_153' title='bbox 241 1518 391 1558; x_wconf 88' lang='lat' dir='ltr'><strong>malam</strong></span> <span class='ocrx_word' id='word_1_154' title='bbox 409 1533 451 1558; x_wconf 87' lang='lat' dir='ltr'><strong>re</strong></span> <span class='ocrx_word' id='word_1_155' title='bbox 473 1533 556 1558; x_wconf 89' lang='lat' dir='ltr'><strong>esse</strong></span> <span class='ocrx_word' id='word_1_156' title='bbox 577 1518 790 1571; x_wconf 88' lang='lat' dir='ltr'><strong>expolitam</strong></span> <span class='ocrx_word' id='word_1_157' title='bbox 811 1518 1012 1557; x_wconf 87' lang='lat' dir='ltr'><strong>muliebri:</strong></span> 
     </span>
    </p>

    <p class='ocr_par' dir='ltr' id='par_1_17' title="bbox 99 1584 986 1637">
     <span class='ocr_line' id='line_1_22' title="bbox 99 1584 986 1637; baseline 0 -15"><span class='ocrx_word' id='word_1_158' title='bbox 99 1584 273 1636; x_wconf 92' lang='lat' dir='ltr'><strong>Capillus</strong></span> <span class='ocrx_word' id='word_1_159' title='bbox 293 1598 460 1637; x_wconf 87' lang='lat' dir='ltr'><strong>sparsus,</strong></span> <span class='ocrx_word' id='word_1_160' title='bbox 482 1584 671 1637; x_wconf 83' lang='lat' dir='ltr'><strong>prolixus,</strong></span> <span class='ocrx_word' id='word_1_161' title='bbox 694 1597 847 1624; x_wconf 82' lang='lat' dir='ltr'><strong>clrcum</strong></span> <span class='ocrx_word' id='word_1_162' title='bbox 867 1590 986 1637; x_wconf 87' lang='lat' dir='ltr'><strong>caput</strong></span> 
     </span>
    </p>

    <p class='ocr_par' dir='ltr' id='par_1_18' title="bbox 98 1650 1564 1768">
     <span class='ocr_line' id='line_1_23' title="bbox 98 1650 1564 1703; baseline -0.001 -14"><span class='ocrx_word' id='word_1_163' title='bbox 98 1650 285 1702; x_wconf 88' lang='lat' dir='ltr'><strong>Rejectus</strong></span> <span class='ocrx_word' id='word_1_164' title='bbox 303 1650 563 1703; x_wconf 86' lang='lat' dir='ltr'><strong>negligenter.</strong></span> <span class='ocrx_word' id='word_1_165' title='bbox 622 1650 730 1689; x_wconf 87' lang='lat' dir='ltr'><strong>Pax!</strong></span> <span class='ocrx_word' id='word_1_166' title='bbox 807 1650 924 1689; x_wconf 72' lang='grc' dir='ltr'><strong>ΟΜΝ.</strong></span> <span class='ocrx_word' id='word_1_167' title='bbox 966 1650 1063 1702; x_wconf 89' lang='lat' dir='ltr'><strong>Syre</strong></span> <span class='ocrx_word' id='word_1_168' title='bbox 1083 1650 1150 1698; x_wconf 88' lang='lat' dir='ltr'><strong>mi,</strong></span> <span class='ocrx_word' id='word_1_169' title='bbox 1173 1651 1344 1698; x_wconf 85' lang='lat' dir='ltr'><strong>obsecro,</strong></span> <span class='ocrx_word' id='word_1_170' title='bbox 1511 1654 1564 1689; x_wconf 88' lang='lat'><strong>50</strong></span> 
     </span>
     <span class='ocr_line' id='line_1_24' title="bbox 98 1713 1187 1768; baseline 0.002 -16"><span class='ocrx_word' id='word_1_171' title='bbox 98 1714 161 1753; x_wconf 90' lang='lat' dir='ltr'><strong>Ne</strong></span> <span class='ocrx_word' id='word_1_172' title='bbox 181 1728 245 1753; x_wconf 89' lang='lat' dir='ltr'><strong>me</strong></span> <span class='ocrx_word' id='word_1_173' title='bbox 264 1715 306 1754; x_wconf 87' lang='lat' dir='ltr'><strong>in</strong></span> <span class='ocrx_word' id='word_1_174' title='bbox 325 1713 508 1754; x_wconf 86' lang='lat' dir='ltr'><strong>laetitiam</strong></span> <span class='ocrx_word' id='word_1_175' title='bbox 527 1715 672 1754; x_wconf 88' lang='lat' dir='ltr'><strong>frustra</strong></span> <span class='ocrx_word' id='word_1_176' title='bbox 691 1715 887 1768; x_wconf 86' lang='lat' dir='ltr'><strong>conjicias.</strong></span> <span class='ocrx_word' id='word_1_177' title='bbox 972 1716 1037 1754; x_wconf 81' lang='lat' dir='ltr'><strong>Sr.</strong></span> <span class='ocrx_word' id='word_1_178' title='bbox 1073 1716 1187 1754; x_wconf 87' lang='lat' dir='ltr'><strong>Anus</strong></span> 
     </span>
    </p>

    <p class='ocr_par' dir='ltr' id='par_1_19' title="bbox 97 1780 1009 1832">
     <span class='ocr_line' id='line_1_25' title="bbox 97 1780 1009 1832; baseline 0.003 -14"><span class='ocrx_word' id='word_1_179' title='bbox 97 1780 313 1819; x_wconf 89' lang='lat' dir='ltr'><strong>Subtemen</strong></span> <span class='ocrx_word' id='word_1_180' title='bbox 334 1781 454 1819; x_wconf 89' lang='lat' dir='ltr'><strong>nebat</strong></span> <span class='ocrx_word' id='word_1_181' title='bbox 471 1795 479 1818; x_wconf 75' lang='grc' dir='ltr'>ε</span> <span class='ocrx_word' id='word_1_182' title='bbox 509 1785 703 1832; x_wconf 79' lang='lat' dir='ltr'><strong>praeterea</strong></span> <span class='ocrx_word' id='word_1_183' title='bbox 721 1794 803 1820; x_wconf 90' lang='lat' dir='ltr'><strong>una</strong></span> <span class='ocrx_word' id='word_1_184' title='bbox 821 1780 1009 1821; x_wconf 76' lang='lat' dir='ltr'><strong>ancillula</strong></span> 
     </span>
    </p>

    <p class='ocr_par' dir='ltr' id='par_1_20' title="bbox 96 1847 906 1899">
     <span class='ocr_line' id='line_1_26' title="bbox 96 1847 906 1899; baseline 0.002 -15"><span class='ocrx_word' id='word_1_185' title='bbox 96 1847 217 1895; x_wconf 89' lang='lat' dir='ltr'><strong>Erat;</strong></span> <span class='ocrx_word' id='word_1_186' title='bbox 249 1860 296 1885; x_wconf 89' lang='lat' dir='ltr'><strong>ea</strong></span> <span class='ocrx_word' id='word_1_187' title='bbox 314 1847 474 1885; x_wconf 87' lang='lat' dir='ltr'><strong>texebat</strong></span> <span class='ocrx_word' id='word_1_188' title='bbox 492 1860 584 1894; x_wconf 88' lang='lat' dir='ltr'><strong>una,</strong></span> <span class='ocrx_word' id='word_1_189' title='bbox 606 1847 749 1899; x_wconf 89' lang='lat' dir='ltr'><strong>pannis</strong></span> <span class='ocrx_word' id='word_1_190' title='bbox 769 1847 906 1896; x_wconf 83' lang='lat' dir='ltr'><strong>obsita,</strong></span> 
     </span>
    </p>

    <p class='ocr_par' dir='ltr' id='par_1_21' title="bbox 97 1912 1362 1964">
     <span class='ocr_line' id='line_1_27' title="bbox 97 1912 1362 1964; baseline 0.005 -14"><span class='ocrx_word' id='word_1_191' title='bbox 97 1912 301 1964; x_wconf 87' lang='lat' dir='ltr'><strong>Neglecta,</strong></span> <span class='ocrx_word' id='word_1_192' title='bbox 323 1912 531 1951; x_wconf 90' lang='lat' dir='ltr'><strong>immunda</strong></span> <span class='ocrx_word' id='word_1_193' title='bbox 550 1912 696 1952; x_wconf 90' lang='lat' dir='ltr'><strong>illuvie.</strong></span> <span class='ocrx_word' id='word_1_194' title='bbox 774 1914 886 1951; x_wconf 77' lang='lat' dir='ltr'><strong>Cmr.</strong></span> <span class='ocrx_word' id='word_1_195' title='bbox 929 1914 969 1953; x_wconf 92' lang='lat' dir='ltr'><strong>Si</strong></span> <span class='ocrx_word' id='word_1_196' title='bbox 987 1914 1075 1954; x_wconf 91' lang='lat' dir='ltr'><strong>haec</strong></span> <span class='ocrx_word' id='word_1_197' title='bbox 1095 1921 1199 1963; x_wconf 87' lang='lat' dir='ltr'><strong>sunt,</strong></span> <span class='ocrx_word' id='word_1_198' title='bbox 1223 1915 1362 1962; x_wconf 58' lang='lat' dir='ltr'><strong>Clinia,</strong></span> 
     </span>
    </p>

    <p class='ocr_par' dir='ltr' id='par_1_22' title="bbox 94 1978 1559 2231">
     <span class='ocr_line' id='line_1_28' title="bbox 96 1978 1559 2030; baseline 0.002 -13"><span class='ocrx_word' id='word_1_199' title='bbox 96 1978 213 2027; x_wconf 91' lang='lat' dir='ltr'><strong>Vera,</strong></span> <span class='ocrx_word' id='word_1_200' title='bbox 235 1979 291 2017; x_wconf 89' lang='lat' dir='ltr'><strong>ita</strong></span> <span class='ocrx_word' id='word_1_201' title='bbox 309 1978 368 2017; x_wconf 91' lang='lat' dir='ltr'><strong>uti</strong></span> <span class='ocrx_word' id='word_1_202' title='bbox 388 1978 515 2026; x_wconf 89' lang='lat' dir='ltr'><strong>credo,</strong></span> <span class='ocrx_word' id='word_1_203' title='bbox 538 1978 624 2030; x_wconf 87' lang='lat' dir='ltr'><strong>quis</strong></span> <span class='ocrx_word' id='word_1_204' title='bbox 645 1984 683 2017; x_wconf 93' lang='lat' dir='ltr'><strong>te</strong></span> <span class='ocrx_word' id='word_1_205' title='bbox 703 1984 762 2017; x_wconf 91' lang='lat' dir='ltr'><strong>est</strong></span> <span class='ocrx_word' id='word_1_206' title='bbox 779 1979 1044 2019; x_wconf 82' lang='lat' dir='ltr'><strong>fortunatior?</strong></span> <span class='ocrx_word' id='word_1_207' title='bbox 1509 1982 1559 2020; x_wconf 89' lang='lat'><strong>55</strong></span> 
     </span>
     <span class='ocr_line' id='line_1_29' title="bbox 95 2043 1543 2097; baseline 0.001 -15"><span class='ocrx_word' id='word_1_208' title='bbox 95 2043 200 2083; x_wconf 88' lang='lat' dir='ltr'><strong>Scin’</strong></span> <span class='ocrx_word' id='word_1_209' title='bbox 220 2044 337 2092; x_wconf 87' lang='lat' dir='ltr'><strong>hanc,</strong></span> <span class='ocrx_word' id='word_1_210' title='bbox 360 2057 483 2097; x_wconf 91' lang='lat' dir='ltr'><strong>quam</strong></span> <span class='ocrx_word' id='word_1_211' title='bbox 502 2043 597 2082; x_wconf 89' lang='lat' dir='ltr'><strong>dicit</strong></span> <span class='ocrx_word' id='word_1_212' title='bbox 617 2043 856 2082; x_wconf 87' lang='lat' dir='ltr'><strong>sordidatam</strong></span> <span class='ocrx_word' id='word_1_213' title='bbox 877 2050 916 2083; x_wconf 93' lang='lat' dir='ltr'><strong>et</strong></span> <span class='ocrx_word' id='word_1_214' title='bbox 935 2044 1163 2084; x_wconf 81' lang='lat' dir='ltr'><strong>sordidam?</strong></span> <span class='ocrx_word' id='word_1_215' title='bbox 1540 2046 1543 2048; x_wconf 77' lang='grc'><strong>’</strong></span> 
     </span>
     <span class='ocr_line' id='line_1_30' title="bbox 96 2111 1458 2164; baseline 0.001 -13"><span class='ocrx_word' id='word_1_216' title='bbox 96 2113 293 2164; x_wconf 89' lang='lat' dir='ltr'><strong>Magnum</strong></span> <span class='ocrx_word' id='word_1_217' title='bbox 312 2111 387 2151; x_wconf 94' lang='lat' dir='ltr'><strong>hoc</strong></span> <span class='ocrx_word' id='word_1_218' title='bbox 408 2125 563 2164; x_wconf 90' lang='lat' dir='ltr'><strong>quoque</strong></span> <span class='ocrx_word' id='word_1_219' title='bbox 583 2111 805 2163; x_wconf 83' lang='lat' dir='ltr'><strong>signum’st,</strong></span> <span class='ocrx_word' id='word_1_220' title='bbox 827 2111 1030 2150; x_wconf 84' lang='lat' dir='ltr'><strong>dominam</strong></span> <span class='ocrx_word' id='word_1_221' title='bbox 1051 2125 1134 2151; x_wconf 86' lang='lat' dir='ltr'><strong>esse</strong></span> <span class='ocrx_word' id='word_1_222' title='bbox 1155 2118 1266 2151; x_wconf 87' lang='lat' dir='ltr'><strong>extra</strong></span> <span class='ocrx_word' id='word_1_223' title='bbox 1285 2113 1458 2160; x_wconf 85' lang='lat' dir='ltr'><strong>noxiam,</strong></span> 
     </span>
     <span class='ocr_line' id='line_1_31' title="bbox 94 2178 943 2231; baseline -0.002 -13"><span class='ocrx_word' id='word_1_224' title='bbox 94 2180 194 2218; x_wconf 89' lang='lat' dir='ltr'><strong>Cum</strong></span> <span class='ocrx_word' id='word_1_225' title='bbox 215 2179 298 2231; x_wconf 86' lang='lat' dir='ltr'><strong>ejus</strong></span> <span class='ocrx_word' id='word_1_226' title='bbox 317 2185 401 2217; x_wconf 90' lang='lat' dir='ltr'><strong>tam</strong></span> <span class='ocrx_word' id='word_1_227' title='bbox 420 2178 680 2230; x_wconf 85' lang='lat' dir='ltr'><strong>negliguntur</strong></span> <span class='ocrx_word' id='word_1_228' title='bbox 698 2178 943 2217; x_wconf 84' lang='lat' dir='ltr'><strong>internuntii.</strong></span> 
     </span>
    </p>

    <p class='ocr_par' dir='ltr' id='par_1_23' title="bbox 93 2244 943 2298">
     <span class='ocr_line' id='line_1_32' title="bbox 93 2244 943 2298; baseline -0.002 -13"><span class='ocrx_word' id='word_1_229' title='bbox 93 2247 200 2285; x_wconf 88' lang='lat' dir='ltr'><strong>Nam</strong></span> <span class='ocrx_word' id='word_1_230' title='bbox 220 2245 427 2298; x_wconf 87' lang='lat' dir='ltr'><strong>disciplina</strong></span> <span class='ocrx_word' id='word_1_231' title='bbox 447 2251 504 2284; x_wconf 85' lang='lat' dir='ltr'><strong>est</strong></span> <span class='ocrx_word' id='word_1_232' title='bbox 524 2245 677 2292; x_wconf 91' lang='lat' dir='ltr'><strong>iisdem,</strong></span> <span class='ocrx_word' id='word_1_233' title='bbox 699 2244 943 2283; x_wconf 90' lang='lat' dir='ltr'><strong>munerarier</strong></span> 
     </span>
    </p>

    <p class='ocr_par' dir='ltr' id='par_1_24' title="bbox 92 2311 1557 2432">
     <span class='ocr_line' id='line_1_33' title="bbox 92 2311 1557 2365; baseline 0 -13"><span class='ocrx_word' id='word_1_234' title='bbox 92 2312 271 2352; x_wconf 88' lang='lat' dir='ltr'><strong>Ancillas</strong></span> <span class='ocrx_word' id='word_1_235' title='bbox 290 2312 476 2365; x_wconf 90' lang='lat' dir='ltr'><strong>primum,</strong></span> <span class='ocrx_word' id='word_1_236' title='bbox 498 2311 549 2350; x_wconf 89' lang='lat' dir='ltr'><strong>ad</strong></span> <span class='ocrx_word' id='word_1_237' title='bbox 567 2311 747 2350; x_wconf 83' lang='lat' dir='ltr'><strong>dominas</strong></span> <span class='ocrx_word' id='word_1_238' title='bbox 766 2311 834 2364; x_wconf 91' lang='lat' dir='ltr'><strong>qui</strong></span> <span class='ocrx_word' id='word_1_239' title='bbox 854 2311 1041 2351; x_wconf 84' lang='lat' dir='ltr'><strong>affectant</strong></span> <span class='ocrx_word' id='word_1_240' title='bbox 1060 2313 1178 2351; x_wconf 79' lang='lat' dir='ltr'><strong>viam.</strong></span> <span class='ocrx_word' id='word_1_241' title='bbox 1505 2316 1557 2352; x_wconf 90' lang='lat'><strong>60</strong></span> 
     </span>
     <span class='ocr_line' id='line_1_34' title="bbox 93 2379 1243 2432; baseline 0.001 -14"><span class='ocrx_word' id='word_1_242' title='bbox 93 2381 210 2418; x_wconf 71' lang='grc' dir='ltr'><strong>ΟΜΝ.</strong></span> <span class='ocrx_word' id='word_1_243' title='bbox 242 2380 379 2432; x_wconf 88' lang='lat' dir='ltr'><strong>Perge,</strong></span> <span class='ocrx_word' id='word_1_244' title='bbox 402 2380 562 2418; x_wconf 86' lang='lat' dir='ltr'><strong>obsecro</strong></span> <span class='ocrx_word' id='word_1_245' title='bbox 583 2384 633 2426; x_wconf 89' lang='lat' dir='ltr'><strong>te,</strong></span> <span class='ocrx_word' id='word_1_246' title='bbox 655 2384 695 2417; x_wconf 89' lang='lat' dir='ltr'><strong>et</strong></span> <span class='ocrx_word' id='word_1_247' title='bbox 714 2392 821 2426; x_wconf 89' lang='lat' dir='ltr'><strong>cave,</strong></span> <span class='ocrx_word' id='word_1_248' title='bbox 843 2392 894 2418; x_wconf 90' lang='lat' dir='ltr'><strong>ne</strong></span> <span class='ocrx_word' id='word_1_249' title='bbox 913 2379 1054 2418; x_wconf 81' lang='lat' dir='ltr'><strong>falsam</strong></span> <span class='ocrx_word' id='word_1_250' title='bbox 1073 2379 1243 2432; x_wconf 81' lang='lat' dir='ltr'><strong>gratiam</strong></span> 
     </span>
    </p>

    <p class='ocr_par' dir='ltr' id='par_1_25' title="bbox 93 2445 1018 2498">
     <span class='ocr_line' id='line_1_35' title="bbox 93 2445 1018 2498; baseline -0.002 -12"><span class='ocrx_word' id='word_1_251' title='bbox 93 2447 258 2486; x_wconf 88' lang='lat' dir='ltr'><strong>Studeas</strong></span> <span class='ocrx_word' id='word_1_252' title='bbox 276 2446 377 2486; x_wconf 86' lang='lat' dir='ltr'><strong>inire</strong></span> <span class='ocrx_word' id='word_1_253' title='bbox 393 2461 401 2485; x_wconf 91' lang='lat'><strong>:</strong></span> <span class='ocrx_word' id='word_1_254' title='bbox 432 2445 528 2498; x_wconf 89' lang='lat' dir='ltr'><strong>quid</strong></span> <span class='ocrx_word' id='word_1_255' title='bbox 546 2445 613 2493; x_wconf 89' lang='lat' dir='ltr'><strong>ait,</strong></span> <span class='ocrx_word' id='word_1_256' title='bbox 634 2445 703 2484; x_wconf 90' lang='lat' dir='ltr'><strong>ubi</strong></span> <span class='ocrx_word' id='word_1_257' title='bbox 723 2458 786 2484; x_wconf 92' lang='lat' dir='ltr'><strong>me</strong></span> <span class='ocrx_word' id='word_1_258' title='bbox 807 2446 1018 2485; x_wconf 78' lang='lat' dir='ltr'><strong>nominas?</strong></span> 
     </span>
    </p>

    <p class='ocr_par' dir='ltr' id='par_1_26' title="bbox 91 2512 1011 2564">
     <span class='ocr_line' id='line_1_36' title="bbox 91 2512 1011 2564; baseline -0.003 -11"><span class='ocrx_word' id='word_1_259' title='bbox 91 2515 157 2553; x_wconf 73' lang='lat' dir='ltr'><strong>Sr.</strong></span> <span class='ocrx_word' id='word_1_260' title='bbox 188 2514 268 2553; x_wconf 89' lang='lat' dir='ltr'><strong>Ubi</strong></span> <span class='ocrx_word' id='word_1_261' title='bbox 287 2513 454 2553; x_wconf 88' lang='lat' dir='ltr'><strong>dicimus</strong></span> <span class='ocrx_word' id='word_1_262' title='bbox 472 2512 632 2552; x_wconf 87' lang='lat' dir='ltr'><strong>rediisse</strong></span> <span class='ocrx_word' id='word_1_263' title='bbox 651 2518 701 2560; x_wconf 93' lang='lat' dir='ltr'><strong>te,</strong></span> <span class='ocrx_word' id='word_1_264' title='bbox 724 2518 764 2551; x_wconf 92' lang='lat' dir='ltr'><strong>et</strong></span> <span class='ocrx_word' id='word_1_265' title='bbox 782 2526 930 2564; x_wconf 88' lang='lat' dir='ltr'><strong>rogare,</strong></span> <span class='ocrx_word' id='word_1_266' title='bbox 951 2513 1011 2551; x_wconf 92' lang='lat' dir='ltr'><strong>uti</strong></span> 
     </span>
    </p>

    <p class='ocr_par' dir='ltr' id='par_1_27' title="bbox 91 2578 861 2628">
     <span class='ocr_line' id='line_1_37' title="bbox 91 2578 861 2628; baseline -0.004 -9"><span class='ocrx_word' id='word_1_267' title='bbox 91 2581 257 2619; x_wconf 87' lang='lat' dir='ltr'><strong>Veniret</strong></span> <span class='ocrx_word' id='word_1_268' title='bbox 275 2580 326 2619; x_wconf 91' lang='lat' dir='ltr'><strong>ad</strong></span> <span class='ocrx_word' id='word_1_269' title='bbox 345 2585 396 2628; x_wconf 89' lang='lat' dir='ltr'><strong>te,</strong></span> <span class='ocrx_word' id='word_1_270' title='bbox 417 2578 559 2618; x_wconf 90' lang='lat' dir='ltr'><strong>mulier</strong></span> <span class='ocrx_word' id='word_1_271' title='bbox 577 2578 697 2617; x_wconf 92' lang='lat' dir='ltr'><strong>telam</strong></span> <span class='ocrx_word' id='word_1_272' title='bbox 717 2578 861 2617; x_wconf 89' lang='lat' dir='ltr'><strong>desinit</strong></span> 
     </span>
    </p>

    <p class='ocr_par' dir='ltr' id='par_1_28' title="bbox 90 2640 1551 2758">
     <span class='ocr_line' id='line_1_38' title="bbox 91 2640 1551 2697; baseline 0.001 -13"><span class='ocrx_word' id='word_1_273' title='bbox 91 2646 299 2694; x_wconf 89' lang='lat' dir='ltr'><strong>Continuo,</strong></span> <span class='ocrx_word' id='word_1_274' title='bbox 322 2651 361 2684; x_wconf 92' lang='lat' dir='ltr'><strong>et</strong></span> <span class='ocrx_word' id='word_1_275' title='bbox 378 2644 564 2697; x_wconf 84' lang='lat' dir='ltr'><strong>lacrymis</strong></span> <span class='ocrx_word' id='word_1_276' title='bbox 584 2643 718 2697; x_wconf 91' lang='lat' dir='ltr'><strong>opplet</strong></span> <span class='ocrx_word' id='word_1_277' title='bbox 736 2658 778 2682; x_wconf 87' lang='lat' dir='ltr'><strong>os</strong></span> <span class='ocrx_word' id='word_1_278' title='bbox 796 2650 923 2683; x_wconf 92' lang='lat' dir='ltr'><strong>totum</strong></span> <span class='ocrx_word' id='word_1_279' title='bbox 943 2640 1016 2684; x_wconf 84' lang='lat' dir='ltr'><strong>sibi</strong></span> <span class='ocrx_word' id='word_1_280' title='bbox 1033 2658 1042 2683; x_wconf 76' lang='grc' dir='ltr'>ε</span> <span class='ocrx_word' id='word_1_281' title='bbox 1501 2649 1551 2686; x_wconf 85' lang='grc'><strong>65</strong></span> 
     </span>
     <span class='ocr_line' id='line_1_39' title="bbox 90 2709 887 2758; baseline -0.001 -9"><span class='ocrx_word' id='word_1_282' title='bbox 90 2712 146 2749; x_wconf 89' lang='lat' dir='ltr'><strong>Ut</strong></span> <span class='ocrx_word' id='word_1_283' title='bbox 164 2711 279 2750; x_wconf 85' lang='lat' dir='ltr'><strong>facile</strong></span> <span class='ocrx_word' id='word_1_284' title='bbox 299 2711 411 2758; x_wconf 84' lang='lat' dir='ltr'><strong>scias,</strong></span> <span class='ocrx_word' id='word_1_285' title='bbox 433 2710 624 2749; x_wconf 90' lang='lat' dir='ltr'><strong>desiderio</strong></span> <span class='ocrx_word' id='word_1_286' title='bbox 643 2710 685 2748; x_wconf 83' lang='lat' dir='ltr'><strong>id</strong></span> <span class='ocrx_word' id='word_1_287' title='bbox 702 2709 789 2748; x_wconf 88' lang='lat' dir='ltr'><strong>fieri</strong></span> <span class='ocrx_word' id='word_1_288' title='bbox 808 2715 887 2749; x_wconf 89' lang='lat' dir='ltr'><strong>tuo.</strong></span> 
     </span>
    </p>

    <p class='ocr_par' dir='ltr' id='par_1_29' title="bbox 91 2774 1263 2828">
     <span class='ocr_line' id='line_1_40' title="bbox 91 2774 1263 2828; baseline 0.001 -13"><span class='ocrx_word' id='word_1_289' title='bbox 91 2777 207 2815; x_wconf 70' lang='grc' dir='ltr'><strong>ΟΜΝ.</strong></span> <span class='ocrx_word' id='word_1_290' title='bbox 239 2777 327 2815; x_wconf 89' lang='lat' dir='ltr'><strong>Prae</strong></span> <span class='ocrx_word' id='word_1_291' title='bbox 345 2776 501 2828; x_wconf 89' lang='lat' dir='ltr'><strong>gaudio,</strong></span> <span class='ocrx_word' id='word_1_292' title='bbox 523 2776 578 2814; x_wconf 91' lang='lat' dir='ltr'><strong>ita</strong></span> <span class='ocrx_word' id='word_1_293' title='bbox 597 2789 661 2814; x_wconf 91' lang='lat' dir='ltr'><strong>me</strong></span> <span class='ocrx_word' id='word_1_294' title='bbox 682 2774 736 2813; x_wconf 90' lang='lat' dir='ltr'><strong>Di</strong></span> <span class='ocrx_word' id='word_1_295' title='bbox 755 2781 901 2822; x_wconf 89' lang='lat' dir='ltr'><strong>ament,</strong></span> <span class='ocrx_word' id='word_1_296' title='bbox 924 2776 991 2815; x_wconf 93' lang='lat' dir='ltr'><strong>ubi</strong></span> <span class='ocrx_word' id='word_1_297' title='bbox 1010 2776 1084 2815; x_wconf 86' lang='lat' dir='ltr'><strong>sim</strong></span> <span class='ocrx_word' id='word_1_298' title='bbox 1105 2778 1237 2818; x_wconf 88' lang='lat' dir='ltr'><strong>nescio</strong></span> <span class='ocrx_word' id='word_1_299' title='bbox 1255 2793 1263 2816; x_wconf 93' lang='lat'>:</span> 
     </span>
    </p>
   </div>
   <div class='ocr_carea' id='block_1_3' title="bbox 95 2841 1190 2894">
    <p class='ocr_par' dir='ltr' id='par_1_30' title="bbox 95 2841 1190 2894">
     <span class='ocr_line' id='line_1_41' title="bbox 95 2841 1190 2894; baseline 0.002 -13"><span class='ocrx_word' id='word_1_300' title='bbox 95 2843 157 2882; x_wconf 86' lang='lat' dir='ltr'><strong>Ita</strong></span> <span class='ocrx_word' id='word_1_301' title='bbox 178 2843 303 2883; x_wconf 84' lang='lat' dir='ltr'><strong>timui.</strong></span> <span class='ocrx_word' id='word_1_302' title='bbox 380 2844 492 2882; x_wconf 77' lang='lat' dir='ltr'><strong>Cmr.</strong></span> <span class='ocrx_word' id='word_1_303' title='bbox 525 2843 581 2881; x_wconf 87' lang='lat' dir='ltr'><strong>At</strong></span> <span class='ocrx_word' id='word_1_304' title='bbox 600 2856 672 2894; x_wconf 82' lang='lat' dir='ltr'><strong>ego</strong></span> <span class='ocrx_word' id='word_1_305' title='bbox 687 2841 744 2880; x_wconf 90' lang='lat' dir='ltr'><strong>nil</strong></span> <span class='ocrx_word' id='word_1_306' title='bbox 764 2855 847 2881; x_wconf 85' lang='lat' dir='ltr'><strong>esse</strong></span> <span class='ocrx_word' id='word_1_307' title='bbox 867 2842 1028 2891; x_wconf 86' lang='lat' dir='ltr'><strong>scibam,</strong></span> <span class='ocrx_word' id='word_1_308' title='bbox 1051 2843 1190 2884; x_wconf 82' lang='lat' dir='ltr'><strong>Clinia.</strong></span> 
     </span>
    </p>
   </div>
  </div>
 </body>
</html>
