1670 3080
112 138 173 182 12
726 148 941 180 ANDRIA.

107 240 219 278 Bona
238 242 371 277 nostra
390 236 475 276 haec
495 235 566 275 tibi
586 235 782 288 permitto,
803 240 843 272 et
863 240 941 273 tuae
961 231 1108 272 mando
1127 232 1232 272 fidei.

108 305 226 344 Hanc
245 305 302 343 mi
321 304 362 342 in
381 316 545 342 manum
566 302 658 341 dat:
687 314 793 339 mors
813 300 1000 340 continuo
1018 299 1146 351 ipsam
1166 302 1345 351 occupat.

108 371 282 423 Accepi:
312 375 516 421 acceptam
535 367 710 407 servabo.
782 366 869 404 MY.
913 366 975 404 Ita
993 379 1106 418 spero
1126 365 1299 418 quidem.

112 438 181 477 ΡΑ.
227 437 306 476 Sed
338 450 408 475 cur
453 441 497 474 tu
542 434 627 474 abis
672 433 723 472 ab
769 432 863 471 ina?
946 431 1033 470 Mx.
1092 430 1356 470 Obstetricem
1402 444 1568 472 arcessor

274 503 344 542 ΡΑ.
395 502 586 555 Propera:
616 505 734 552 atque
753 498 917 538 audin’?

114 571 289 611 Verbum
325 582 452 608 unum
490 581 586 606 cave
623 567 672 606 de
709 565 882 617 nuptiis;
929 577 981 603 ne
1017 562 1069 603 ad
1105 562 1292 603 morbum
1311 559 1387 601 hoc
1438 564 1570 603 etiam.

279 635 364 674 ΜΥ.
417 634 563 673 Teneo.
1522 631 1572 668 65

556 829 732 868 ACTUS
763 827 820 867 11.
880 826 1060 866 SCENA
1091 826 1124 865 1.

433 926 661 964 CnAmnus.
722 924 930 963 Brnnum.
990 922 1248 961 Parumne.

117 1038 191 1076 Cu.
235 1036 341 1080 Quid
373 1035 440 1082 ais,
464 1032 659 1086 Byrrhia?
695 1031 861 1071 daturne
894 1029 962 1069 illa
994 1028 1202 1082 Pamphilo
1231 1028 1348 1069 hodie
1377 1029 1578 1083 nuptum?

284 1103 356 1141 ΒΥ.
401 1101 464 1140 Sic
485 1106 553 1139 est.

118 1170 190 1208 Cu.
223 1168 301 1212 Qui
320 1167 420 1206 scis?
484 1166 557 1204 ΒΥ.
589 1165 711 1218 Apud
728 1164 859 1203 sorum
879 1163 997 1202 modo
1016 1176 1038 1202 e
1058 1162 1174 1203 Davo
1193 1162 1337 1203 audivi.
1396 1163 1471 1203 Cu.
1503 1162 1578 1202 Vae

278 1233 419 1272 misero
438 1231 559 1270 mihi!

119 1300 173 1338 Ut
191 1299 345 1337 animus
365 1298 406 1336 in
426 1311 494 1349 spe
513 1302 630 1349 atque
650 1295 691 1334 in
712 1295 850 1334 timore
868 1308 994 1347 usque
1013 1293 1180 1334 antehac
1200 1299 1374 1337 attentus
1390 1294 1503 1343 fuit;.

121 1365 193 1412 Ita,
214 1369 423 1417 postquam
442 1362 601 1401 ademta
620 1374 707 1413 spes
727 1366 796 1409 est,
816 1360 952 1409 lassus,
975 1374 1070 1400 cura
1089 1361 1303 1410 consectus,
1325 1366 1468 1415 stupet.

120 1432 191 1470 ΒΥ.
238 1431 382 1474 Quaeso
414 1428 564 1481 edepol,
601 1427 783 1475 Charine,
816 1427 975 1479 quando
1006 1440 1087 1466 non
1117 1432 1247 1480 potest
1275 1427 1316 1468 id
1345 1422 1445 1476 fieri}
1474 1427 1580 1479 quod

281 1498 350 1545 vis,
1555 1496 1580 1533 5

122 1565 169 1604 Id
196 1564 303 1612 velis,
337 1564 441 1616 quod
479 1562 611 1616 possit.
692 1562 766 1602 Cu.
809 1560 878 1600 Nil
915 1560 1004 1600 volo
1037 1560 1156 1609 aliud,
1177 1560 1254 1600 nisi
1288 1560 1577 1601 Philumenam.

283 1631 355 1668 ΒΥ.
388 1629 473 1668 Ah!

122 1698 279 1741 Quanto
299 1698 419 1736 satius
442 1696 497 1744 ’st‚
519 1701 557 1735 te
576 1695 618 1734 id
644 1694 737 1734 dare
758 1708 929 1747 operam,
953 1695 1021 1747 qui
1052 1695 1171 1734 istum
1198 1708 1371 1735 amorem
1395 1708 1445 1736 ex
1464 1694 1580 1735 corde

285 1776 440 1815 eJ1c1as3

123 1831 252 1873 Quam
273 1829 314 1867 id
332 1828 451 1879 loqui,
475 1841 551 1880 quo
570 1828 697 1879 magis
716 1827 850 1867 lubido
869 1827 1013 1867 frustra
1032 1827 1268 1867 incendatur
1286 1833 1366 1867 tua.

124 1897 198 1934 Cn.
231 1895 360 1934 Facile
380 1908 526 1942 omnes,
549 1908 639 1932 cum
659 1894 848 1941 valemus,
869 1900 977 1933 recta
995 1894 1158 1933 consilia
1176 1894 1334 1947 aegrotis
1353 1894 1504 1934 damus.

124 1962 186 2001 Tu
206 1963 237 2001 si
256 1962 319 2001 hic
340 1962 402 2009 sis,
425 1961 538 2000 aliter
563 1974 733 1999 censeas.
811 1960 883 2000 ΒΥ.
915 1961 1015 2013 Age,
1037 1974 1121 2012 age,
1145 1966 1189 1999 ut
1205 1960 1326 1999 lubet.
1403 1961 1478 2000 Cu.
1509 1959 1587 2002 Sed

290 2026 541 2079 Pamphilum
1535 2031 1587 2067 10

127 2094 276 2133 Video:
308 2092 441 2131 omnia
460 2091 628 2143 experiri
651 2096 802 2130 certum
826 2090 881 2138 'st,
903 2091 1010 2143 prius
1039 2104 1157 2143 quam
1187 2105 1316 2145 pereo.
1376 2093 1449 2132 ΒΥ.
1481 2093 1588 2138 Quid

288 2159 351 2198 hic
373 2158 483 2211 agit?

128 2230 201 2269 Cn.
246 2228 383 2280 Ipsum
402 2226 508 2265 hunc
530 2225 670 2265 orabo:
701 2224 791 2264 huic
820 2223 1073 2278 supplicabo:
1104 2239 1280 2265 amorem
1290 2226 1391 2279 ‚huic
1419 2228 1588 2268 narrabo

289 2305 445 2331 meum:

129 2360 267 2406 Credo,
287 2357 519 2410 impetrabo,
541 2362 586 2395 ut
604 2355 753 2407 aliquot
771 2355 909 2395 saltem
929 2356 1077 2409 nuptiis
1095 2357 1236 2410 prodat
1255 2358 1360 2398 dies:

131 2426 289 2465 Interea
308 2424 376 2463 fiet
395 2423 553 2475 aliquid,
575 2436 700 2475 spero.
746 2422 819 2461 ΒΥ.
842 2422 891 2461 Id
910 2422 1058 2474 aliquid
1076 2422 1175 2461 nihil
1194 2428 1263 2463 est.
1308 2424 1382 2463 Cn.
1405 2425 1585 2479 Byrrhia,

130 2493 236 2537 Quid
262 2492 333 2531 tibi
354 2491 533 2530 videtur?
561 2489 700 2529 adeon’
721 2489 771 2528 ad
790 2490 910 2528 eum?
988 2489 1061 2528 ΒΥ.
1106 2489 1284 2534 Quidni?
1310 2490 1410 2530 nihil
1440 2497 1485 2532 ut
1514 2492 1588 2532 im-

293 2564 435 2611 petres,
1537 2553 1587 2591 15

132 2625 189 2663 Ut
206 2630 246 2663 te
266 2620 474 2663 arbitretur
493 2622 565 2661 sibi
584 2627 766 2675 paratum
786 2620 999 2669 moechum‚
1022 2621 1054 2660 si
1073 2620 1181 2661 illam
1201 2620 1384 2662 duxerit?

134 2691 209 2729 Cu.
241 2689 360 2728 Abin’
381 2688 473 2727 hinc
493 2688 534 2726 in
553 2687 701 2726 malam
720 2700 804 2726 rem
824 2699 915 2725 cum
935 2686 1155 2739 suspicione
1174 2686 1282 2736 istac,
1304 2688 1458 2729 scelus?

136 2757 208 2795 ΡΑ.
239 2756 456 2795 Charinum
476 2754 588 2794 video
603 2768 611 2792 :
641 2753 759 2793 salve.
847 2753 921 2791 Cu.
965 2753 1000 2792 O
1020 2753 1137 2792 salve.
1196 2754 1416 2807 Pamphile,

136 2824 203 2863 Ad
222 2829 259 2862 te
280 2822 458 2870 advenio,
480 2835 602 2875 spem,
624 2820 803 2869 salutem,
825 2819 1043 2870 consilium,
1065 2820 1257 2861 auxilium
1277 2827 1480 2876 expetens.
