1670 3080
115 132 177 183 66
707 153 990 188 EUNUCHUS.

114 240 188 280 Cn.
229 239 367 279 Meam
386 252 571 280 sororem.
629 240 737 280 Tme.
778 242 835 281 Os
853 241 997 283 durum
1010 273 1020 282 .
1082 244 1112 283 C
1114 257 1155 283 Η.
1196 243 1328 294 Miles,
1349 255 1459 286 nunc
1476 243 1579 287 adeo

275 307 386 347 edico
406 307 487 356 tibi,

113 374 177 413 Ne
198 374 280 414 vim
299 374 420 413 facias
439 374 562 413 ullam
582 374 624 413 in
642 374 764 414 illam.
823 376 955 424 Thais,
978 391 1052 430 ego
1071 391 1118 417 eo
1137 377 1189 417 ad
1209 376 1456 431 Sophronam

113 441 334 501 Nutricem,
355 447 400 480 ut
420 455 509 480 eam
528 442 734 492 adducam,
756 448 795 483 et
814 444 929 497 signa
947 445 1153 484 ostendam
1172 445 1273 485 haec.
1329 445 1438 485 Tim.
1468 445 1575 486 Tun'

271 522 336 548 me
355 509 574 562 prohibeas,

111 575 250 615 Meam
270 589 321 615 ne
341 577 532 629 tangam?
607 577 681 616 Cn.
721 577 942 617 Prohibebo
961 578 1138 632 inquam.
1216 579 1297 619 Gn.
1332 578 1482 622 Audin’
1502 580 1576 619 tu?

271 643 337 683 hic
356 644 451 683 furti
470 657 511 683 se
530 643 668 696 alligat
684 658 693 683 :

111 711 212 750 Satis
232 711 304 750 tibi
324 712 411 750 est?
473 711 580 750 Tim.
620 711 734 751 Idem
753 711 828 751 hoc
848 717 893 751 tu
912 712 980 760 ais,
1004 711 1152 751 Tbetis?
1206 711 1284 751 ΤΗ.
1325 712 1483 761 Quaere,
1504 711 1573 766 qui

270 778 518 831 respondeat.
1500 827 1504 830 ῃ
1518 780 1572 818 40

109 846 215 884 ΤΗΒ.
256 845 363 890 Quid
392 859 498 885 nunc
529 845 713 898 agimus?
796 846 877 885 GN.
918 845 1026 890 Quin
1052 845 1250 885 redimus:
1275 845 1362 899 jam
1386 844 1474 885 haec
1501 845 1573 885 tibi

271 911 397 951 aderit
414 911 639 964 supplicans

110 979 234 1019 Ultro.
329 979 434 1017 Tun.
484 978 671 1018 Credin'?
755 978 836 1017 GN.
886 978 1018 1017 Immo
1056 984 1161 1018 certe
1179 992 1187 1017 :
1232 977 1327 1017 novi
1363 977 1572 1031 ingenium

268 1045 479 1085 mulierum
497 1060 505 1085 :

109 1113 274 1162 Nolunt,
293 1113 363 1152 ubi
381 1112 478 1152 velis
495 1127 503 1151 :
533 1112 602 1152 ubi
620 1111 731 1160 nolis,
754 1111 919 1164 cupiunt
938 1111 1053 1151 ultro.
1138 1111 1244 1150 Tim.
1284 1111 1394 1151 Bene
1413 1115 1541 1164 putas.

110 1182 190 1221 GN.
222 1181 315 1220 Jam
335 1179 490 1219 dimitto
510 1179 756 1219 exercitum?
830 1179 937 1218 Tun.
977 1179 1058 1218 Ubi
1076 1178 1148 1218 vis.
1221 1179 1303 1219 GN.
1336 1179 1479 1231 Sanga,
1500 1178 1567 1227 ita,

267 1253 313 1287 ut
330 1248 451 1286 fortes
471 1246 585 1286 decet

109 1314 270 1363 Milites,
292 1313 399 1353 domi
416 1313 572 1366 focique
591 1313 654 1352 fac
673 1312 846 1352 vicissim
864 1317 909 1351 ut
926 1312 1167 1352 memineris.
1515 1313 1567 1351 45

109 1383 174 1420 QA.
197 1379 443 1420 Jamdudum
463 1379 619 1418 animus
639 1383 696 1417 est
714 1378 755 1417 in
774 1378 932 1431 patinis.
992 1379 1072 1419 GN.
1104 1378 1226 1431 Frugi
1245 1391 1298 1418 es.
1355 1376 1462 1417 Tun.
1484 1377 1571 1417 Vos

268 1459 333 1485 me
351 1444 426 1485 hac
446 1444 671 1498 sequimini.

560 1637 735 1679 ACTUS
766 1638 817 1678 V.
876 1639 1058 1679 SCENA
1089 1640 1122 1679 Ι.

638 1740 1042 1780 TnA1s.PY1-111As.

106 1854 184 1893 ΤΗ.
225 1850 395 1904 Pergin,
417 1849 591 1898 scelesta,
613 1862 770 1889 mecum
789 1848 977 1901 perplexe
996 1849 1134 1901 loqui?

108 1919 248 1967 “Scio‚
270 1918 413 1966 nescio,
435 1917 541 1964 abiit,
564 1915 707 1964 audivi,
731 1928 804 1966 ego
823 1928 903 1954 non
924 1916 1072 1955 adfui.'’

107 1987 200 2026 Non
220 1991 265 2025 tu
282 1985 382 2024 istuc
401 1983 500 2022 mihi
519 1982 673 2021 dictura
691 1986 824 2034 aperte
843 1995 895 2029 eS,
918 1981 1107 2034 quicquid
1125 1982 1210 2020 est?

107 2054 231 2105 Virgo
251 2051 447 2091 conscissa
465 2055 572 2089 veste
591 2048 817 2100 lacrymans
837 2048 1006 2095 obticet;

108 2119 324 2160 Eunuchus
344 2117 440 2156 abiit
456 2131 464 2156 ε
496 2115 782 2169 quamobrem?
811 2114 906 2166 quid
924 2112 1155 2153 faetum’st?
1182 2114 1315 2154 taces?
1540 2119 1566 2155 5

108 2187 181 2226 ΡΥ.
221 2184 328 2229 Quid
347 2183 418 2222 tibi
437 2196 511 2235 ego
530 2182 659 2220 dicam
678 2180 850 2219 misera?
877 2179 990 2219 illum
1011 2178 1252 2220 Eunuchum
1270 2187 1421 2235 negant

109 2253 257 2292 Fuisse.
342 2250 419 2289 ΤΗ.
459 2248 557 2292 Quis
575 2247 651 2286 fuit
668 2246 817 2299 igitur?
899 2246 972 2285 ΡΥ.
1014 2247 1094 2285 Iste
1115 2247 1292 2288 Chaerea.

108 2320 185 2360 ΤΗ.
225 2317 304 2362 Qui
325 2316 515 2356 Chaerea?
598 2314 670 2353 ΡΥ.
712 2313 791 2352 Iste
812 2313 986 2366 ephebus
1005 2313 1127 2352 frater
1147 2313 1356 2355 Phaedriae.

108 2386 186 2426 ΤΗ.
225 2383 332 2429 Quid
350 2383 407 2422 ais
428 2381 633 2421 venefica?
715 2380 788 2419 ΡΥ.
828 2379 954 2431 Atqui
973 2385 1079 2419 certo
1099 2381 1285 2434 comperi.

108 2452 185 2491 ΤΗ.
236 2450 343 2494 Quid
378 2449 422 2497 is,
462 2448 634 2495 obsecro,
683 2446 734 2485 ad
769 2459 846 2494 me,
894 2450 963 2484 aut
1001 2446 1258 2498 quamobrem
1295 2446 1571 2488 adductus’st?

271 2517 344 2555 ΡΥ.
385 2515 552 2554 Nescio:
1333 2518 1335 2521 ’
1520 2516 1571 2554 10

109 2584 198 2625 Nisi
217 2597 368 2623 amasse
388 2582 503 2621 credo
524 2579 786 2631 Pamphilam.
869 2578 947 2617 ΤΗ.
988 2578 1097 2618 Hem
1113 2579 1123 2618 !
1152 2579 1298 2620 misera
1316 2580 1454 2630 occidi,
1643 2578 1650 2608 ἱ

111 2650 268 2698 Infelix,
290 2649 322 2688 si
341 2648 500 2701 quidem
520 2652 564 2685 tu
582 2646 690 2685 istaee
710 2658 805 2684 vera
821 2643 1027 2697 praedicas.

110 2717 221 2758 Num
257 2716 299 2755 id
333 2714 527 2766 lacrymat
565 2712 700 2764 virgo?
783 2711 854 2750 ΡΥ.
904 2710 954 2749 Id
990 2710 1141 2763 opinor.
1225 2711 1305 2752 ΤΗ.
1355 2711 1463 2756 Quid
1500 2711 1579 2761 ais„

274 2781 463 2834 sacrilega
477 2781 493 2819 ‘3

115 2849 314 2890 Istuccine
333 2847 588 2888 interminata
607 2859 695 2885 sum
713 2844 807 2884 hinc
827 2844 963 2884 abiens
982 2843 1083 2883 tibi?
