1670 3080
521 141 680 174 Aer-ns
725 141 780 173 n.
851 141 1016 173 scENA
1052 142 1106 173 11.
1474 129 1536 175 47

77 230 167 271 Hoc
185 243 334 270 novum
353 236 413 270 est
431 232 644 284 aucupium
662 246 670 271 :
702 246 777 284 ego
795 231 896 270 adeo
914 230 1019 269 hanc
1039 230 1189 283 primus
1209 230 1343 270 inveni
1362 232 1480 271 viam.

74 296 146 336 Est
163 309 291 349 genus
308 295 528 346 hominum,
551 298 619 350 qui
639 312 722 338 esse
741 297 890 350 primos
909 310 950 335 se
971 296 1150 335 omnium
1170 309 1303 335 rerum
1323 297 1472 346 volunt,

72 363 159 403 Nec
179 369 295 413 sunt3
325 363 397 404 hos
417 371 620 404 consector
637 379 644 404 :
675 365 783 404 hisce
803 378 877 417 ego
896 377 977 403 non
996 377 1094 416 paro
1112 377 1178 402 me
1198 369 1243 402 ut
1261 364 1427 412 rideant,

71 430 150 470 Sed
169 430 224 471 eis
242 430 347 470 ultro
366 432 530 480 arrideo,
553 437 592 471 et
611 445 747 472 eorum
767 431 930 484 ingenia
949 431 1122 470 admiror
1141 430 1259 469 simul
1274 445 1282 469 :

69 498 269 552 Quicquid
288 498 436 548 dicunt,
457 499 575 539 laudo
592 513 600 538 ε
621 500 663 539 id
680 513 837 538 rursum
856 499 889 538 si
907 504 1068 550 negant,
1082 497 1201 537 laudo
1215 498 1256 537 id
1275 511 1432 552 quoque
1447 512 1455 537 ε
1483 501 1536 538 20

50 606 52 609 ,
69 563 203 617 Negat
221 565 319 618 quis,
339 578 444 618 nego
459 579 469 614 ;
500 565 566 615 ait,
588 565 652 605 aio
668 580 676 604 :
706 571 905 618 postremo
925 564 1118 617 imperavi
1138 570 1296 616 egomet
1314 564 1413 603 mihi

69 631 217 671 Omnia.
235 633 426 672 assentari
443 647 451 671 :
481 633 513 672 is
534 638 707 686 quaestus
726 647 834 672 nunc
855 638 914 672 est
930 631 1057 671 multo
1075 631 1309 671 uberrimus.

68 697 139 737 ΡΑ.
179 698 332 738 Scitum
363 699 497 738 hercle
530 698 735 739 hominem
753 699 762 738 !
800 698 866 738 hic
899 698 1082 737 homines
1108 711 1291 750 prorsum
1324 712 1376 738 ex
1406 698 1533 737 stultis

227 765 387 805 insanos
405 766 511 805 facit.
1083 814 1087 817 ἡ

67 831 147 870 Gn.
179 831 290 870 Dum
304 830 392 871 haec
406 831 617 884 loquimur,
634 832 786 871 interea
799 831 876 870 loci
891 831 943 871 ad
961 830 1175 870 macellum
1189 829 1259 870 ubi
1273 830 1508 870 advenimus
1521 846 1530 877 ς

66 897 316 937 Concurrunt
333 897 416 937 laeti
435 898 492 937 mi
511 899 668 938 obviam
689 897 904 951 cupediarii
924 911 1085 937 omnes:
1480 900 1530 935 25

64 964 221 1012 Cetarii,
243 965 351 1014 lanii,
373 966 500 1018 coqui,
520 966 696 1014 fartores,
717 966 943 1019 piscatores,

64 1032 218 1076 Quibus
237 1038 277 1072 et
294 1046 337 1072 re
357 1033 466 1072 salva
486 1039 525 1072 et
542 1033 698 1086 perdita
715 1033 943 1086 profueram
964 1038 1003 1072 et
1019 1046 1181 1086 prosum
1202 1045 1307 1086 saepe
1324 1047 1334 1071 ε

64 1100 270 1140 Salutant:
301 1101 351 1141 ad
371 1114 528 1140 coenam
549 1107 716 1141 vocant:
746 1101 962 1141 adventum
981 1099 1243 1153 gratulantur.

63 1165 139 1206 Ille
158 1166 226 1206 ubi
244 1166 365 1206 miser
382 1166 589 1207 famelicus
608 1166 717 1206 videt
734 1181 800 1206 me
820 1180 903 1206 esse
925 1172 1036 1205 tanto
1053 1166 1217 1214 honore,
1241 1171 1281 1205 et

63 1233 163 1272 Tam
181 1233 297 1273 facile
317 1234 467 1273 victum
487 1247 663 1287 quaerere
679 1249 688 1282 ;
719 1234 774 1273 ibi
793 1233 914 1273 homo
932 1234 1056 1287 coepit
1072 1248 1139 1274 me
1158 1234 1375 1282 obsecrare,
1480 1236 1532 1273 30

63 1299 119 1339 Ut
137 1299 211 1340 sibi
229 1300 366 1340 liceret
384 1301 535 1340 discere
555 1301 597 1340 id
617 1302 665 1341 de
686 1315 751 1340 me
770 1316 778 1340 :
809 1301 951 1340 sectari
964 1301 1077 1354 jussi,

63 1367 104 1406 Si
123 1368 226 1420 potis
244 1374 314 1417 est,
335 1374 526 1422 tanquam
545 1369 869 1422 philosophorum
889 1368 1039 1408 habent
1058 1368 1241 1422 discipuli
1261 1381 1312 1407 ex
1329 1367 1425 1421 ipsis

65 1435 281 1484 Vocabula‚
302 1436 464 1489 parasiti
483 1437 578 1476 item
597 1442 643 1475 ut
665 1437 909 1476 Gnathonici
928 1442 1132 1476 vocentur.

64 1501 135 1540 ΡΑ.
176 1501 322 1541 Viden’
353 1502 478 1541 otium
505 1507 545 1541 et
570 1502 679 1541 cibus
707 1502 803 1555 quid
830 1502 927 1541 facit
959 1502 1141 1541 alienus?
1226 1502 1306 1540 GN.
1349 1501 1426 1540 Sed
1459 1514 1532 1554 ego

226 1581 336 1607 cesso

62 1634 130 1674 Ad
149 1634 343 1674 Thaidem
363 1635 467 1674 hanc
488 1635 695 1684 deducere,
718 1641 757 1674 et
775 1649 914 1688 rogare
935 1635 986 1674 ad
1005 1649 1163 1674 coenam
1181 1640 1227 1674 ut
1247 1635 1406 1675 veniat?
1479 1638 1529 1675 35

62 1702 140 1742 Sed
160 1702 452 1742 Parmenonem
472 1708 564 1741 ante
584 1702 728 1741 ostium
748 1702 813 1741 hic
834 1702 996 1742 Thaidis
1017 1702 1170 1742 tristem
1189 1702 1318 1751 video,

60 1768 214 1810 Rivalis
233 1783 410 1809 servom:
441 1769 550 1809 salva
569 1784 631 1809 res
647 1784 656 1809 z
687 1770 878 1809 nimirum
895 1770 984 1810 hice
1004 1770 1187 1811 homines
1206 1770 1367 1823 frigent.

62 1835 315 1875 Nebulonem
335 1835 442 1875 hunc
464 1837 667 1875 cernun'st
684 1836 832 1876 ludere.
910 1837 983 1876 ΡΑ.
1025 1837 1129 1877 Hice
1148 1836 1224 1877 hoc
1243 1850 1408 1877 munere
1429 1837 1531 1876 arbi-

222 1906 377 1940 trantur

62 1967 183 2006 Suam
203 1966 398 2006 Thaidem
417 1981 515 2006 esse.
601 1968 682 2007 Gn.
724 1967 902 2008 Plurima
920 1968 1047 2008 salute
1069 1969 1363 2009 Parmenonem

61 2033 270 2072 Summum
301 2046 416 2072 suum
448 2033 626 2086 impertit
657 2033 818 2074 Gnatho
837 2049 845 2074 ε
895 2035 993 2088 quid
1024 2035 1184 2088 agitur?
1271 2037 1343 2076 ΡΑ.
1385 2037 1528 2076 Statur.

224 2101 304 2140 Gn.
345 2100 486 2140 Video,
1478 2105 1531 2142 40

62 2167 171 2207 Num
191 2167 381 2221 quidnam
398 2168 465 2208 hic
486 2169 593 2222 quod
611 2168 713 2208 nolis
732 2169 872 2209 vides?
943 2170 1015 2209 ΡΑ.
1049 2170 1119 2209 Te.
1194 2171 1274 2210 Gn.
1311 2170 1460 2210 Credo:
1492 2177 1532 2209 at

221 2236 418 2289 numquid
436 2236 570 2276 aliud?

62 2302 133 2341 ΡΑ.
164 2302 244 2348 Qui
263 2303 389 2342 dum?
447 2304 526 2343 GN.
563 2304 668 2348 Quia
686 2304 869 2344 tristis's?
925 2305 998 2344 ΡΑ.
1030 2305 1100 2344 Nil
1121 2305 1293 2358 quidem.
1354 2307 1434 2346 GN.
1467 2306 1530 2345 Ne

222 2369 274 2408 sis
291 2384 300 2408 :
330 2370 399 2409 sed
418 2370 513 2422 quid
532 2370 688 2410 videtur

64 2435 152 2475 Hoc
183 2435 254 2476 tibi
285 2437 576 2490 mancupium?
659 2438 732 2477 ΡΑ.
773 2438 868 2478 Non
900 2439 1053 2479 malum
1092 2440 1237 2480 hercle.
1326 2442 1406 2480 GN.
1450 2441 1533 2479 Uro

222 2503 439 2543 hominem.
525 2505 597 2544 ΡΑ.
638 2506 694 2544 Ut
713 2505 835 2544 falsus
854 2506 978 2546 animi
998 2507 1080 2546 est!

64 2569 144 2608 Gn.
182 2570 316 2615 Quam
334 2569 409 2610 hoc
429 2584 574 2611 munus
593 2577 749 2624 gratum
771 2571 915 2612 Thaidi
934 2573 1123 2612 arbitrare
1143 2573 1256 2612 esse?
1331 2573 1402 2612 PA.
1441 2573 1529 2612 Hoc

223 2649 331 2676 nunc
350 2637 460 2686 dicis,

0 2725 16 2750 ³.
65 2701 222 2754 Ejectos
239 2701 334 2743 hinc
353 2717 426 2743 nos
441 2718 450 2752 ;
482 2704 660 2744 omnium
676 2718 812 2743 rerum
830 2704 930 2744 heus
948 2706 1177 2745 vicissitudo
1197 2712 1266 2745 est.
1476 2708 1527 2744 45

67 2769 148 2809 GN.
188 2770 267 2810 Sex
285 2784 359 2823 ego
378 2777 416 2810 te
436 2777 548 2820 totos,
572 2772 779 2821 Parmeno,
799 2772 873 2811 hos
892 2787 1049 2812 menses
1069 2773 1246 2826 quietum
1266 2774 1430 2812 reddam
1446 2787 1455 2820 ;

10 2828 14 2834 ‘
32 2864 33 2867 =
67 2835 131 2877 Ne
151 2851 305 2878 sursum
325 2839 506 2879 deorsum
527 2840 689 2879 cursites
706 2854 715 2879 :
741 2851 844 2878 neve
866 2854 990 2894 usque
1010 2840 1060 2879 ad
1078 2840 1209 2879 lucem
1230 2840 1367 2893 vigiles
1383 2859 1397 2879 ,κ
