1670 3080
529 121 688 154 Aeros
725 122 791 154 1v.
864 123 1027 157 SCENA
1052 125 1098 159 v,
1497 115 1558 164 29

103 209 284 259 Sceleste,
305 210 338 249 si
355 209 423 264 pol
443 209 630 264 Glycerio
648 225 729 252 non
749 212 883 253 omnia
901 213 1001 254 haec.
1361 266 1362 269 Ἴ

102 277 181 317 ΒΑ.
220 276 320 327 Eho,
341 277 488 331 inepta,
509 279 636 318 nescis
656 280 752 332 quid
770 280 819 320 sit
838 281 1001 320 actum?
1083 281 1172 322 Mr.
1212 281 1291 327 Qui
1309 282 1461 324 sciam?

100 342 180 382 DA.
221 343 301 383 Hic
319 357 430 383 socer
449 350 507 384 est
523 359 532 384 :
562 345 639 385 alio
657 351 774 399 pacto
792 345 901 386 haud
918 352 1074 400 poterat
1092 347 1188 396 fieri,

100 409 156 449 Ut
173 410 289 450 sciret
306 410 405 460 haec,
427 425 516 464 quae
535 412 743 453 voluimus.
829 413 916 453 ΜΥ.
957 414 1207 455 Praediceres.

99 477 179 516 DA.
202 477 370 518 Paulum
388 479 577 520 interesse
597 494 745 530 censes,
766 495 817 520 ex
835 481 969 522 animo
987 482 1133 532 omnia,
1507 488 1556 524 55

99 544 154 583 Ut
171 544 247 584 fert
265 551 418 595 natura,
438 546 570 596 facias,
593 561 644 587 an
664 547 713 588 de
732 547 954 588 industria?

531 749 708 789 ACTUS
739 749 813 790 IV.
873 750 1054 791 SCENA
1085 750 1134 791 V.

541 856 685 896 Cm'ro.
744 855 892 896 Mrem.
951 856 1108 896 Davus.

90 956 162 998 CR.
203 959 254 999 In
272 959 347 999 hac
367 958 563 999 habitasse
582 959 715 1013 platea
733 959 934 999 dictum’st
952 958 1198 1012 Chrysidem,

70 1048 71 1051 =
88 1027 189 1071 Quae
209 1026 282 1066 sibi
299 1024 508 1066 inhoneste
528 1026 678 1080 optavit
695 1039 834 1080 parere
852 1025 918 1065 hic
938 1025 1106 1075 divitias,

89 1092 234 1142 Potius,
257 1106 377 1146 quam
395 1092 559 1132 honeste
578 1093 620 1132 in
638 1093 766 1146 patria
784 1106 935 1146 pauper
953 1092 1129 1132 viveret:

87 1160 183 1214 Ejus
201 1165 328 1200 morte
348 1174 396 1200 ea
414 1160 466 1200 ad
483 1174 548 1200 me
568 1160 656 1213 lege
676 1160 877 1200 redierunt
894 1160 1011 1200 bona.

86 1226 163 1267 Sed
182 1239 279 1280 quos
298 1232 506 1280 perconter
525 1227 666 1267 video:
696 1226 855 1266 salvete.
942 1226 1029 1265 ΜΥ.
1071 1226 1258 1275 Obsecro,
1523 1232 1546 1268 5

85 1291 215 1339 Quem
234 1293 378 1334 video?
405 1299 515 1334 estne
533 1293 598 1334 hic
619 1294 738 1343 Crito,
761 1294 940 1334 sobrinus
961 1293 1192 1347 Chrysidis?

85 1360 126 1399 Is
146 1366 216 1400 est.
274 1361 346 1400 Ca.
386 1362 423 1400 O
445 1361 590 1415 MysiS,
606 1360 726 1401 salve.
813 1360 900 1400 ΜΥ.
942 1361 1079 1401 Salvos
1099 1362 1150 1401 sis
1172 1361 1291 1401 Crito.

85 1428 157 1467 Cn.
179 1427 282 1466 Itan’
303 1427 492 1481 Chrysis?
518 1428 637 1468 hem!
696 1429 783 1468 ΜΥ.
813 1429 897 1468 Nos
915 1428 983 1482 pol
1002 1429 1162 1481 quidem
1181 1429 1344 1469 miseras
1362 1431 1544 1483 perdidit.

85 1493 156 1532 Cn.
197 1492 304 1537 Quid
321 1506 402 1542 vos,
425 1507 503 1547 quo
522 1499 639 1547 pacto
657 1493 752 1533 hic?
779 1494 906 1533 satine
925 1495 1061 1534 recte?
1145 1495 1232 1534 MY.
1273 1496 1437 1536 Nosne?
1465 1498 1519 1536 sic

83 1560 139 1599 Ut
158 1560 326 1613 quimuS,
349 1560 479 1610 aiunt;
511 1560 681 1613 quando,
702 1566 747 1600 ut
766 1560 958 1610 volumus,
980 1575 1061 1601 non
1080 1561 1183 1602 licet.
1497 1568 1546 1603 10

83 1627 154 1667 Cn.
196 1628 303 1673 Quid
323 1628 585 1682 Glycerium?
607 1629 693 1681 jam
711 1628 776 1668 hic
796 1642 886 1668 suos
904 1634 1089 1682 parentes
1108 1630 1310 1683 repperit?

82 1694 169 1733 MY.
200 1695 365 1734 Utinam
381 1695 391 1734 !
469 1695 540 1734 CR.
574 1696 640 1734 An
659 1695 839 1735 nondum
859 1695 1009 1734 etiam?
1035 1695 1144 1735 haud
1162 1697 1365 1750 auspicato
1383 1697 1462 1737 huc
1481 1712 1546 1737 me

243 1762 356 1802 attuli
372 1777 381 1801 z

80 1829 186 1868 Nam
206 1829 284 1883 pol,
306 1830 339 1869 si
357 1830 399 1870 id
418 1830 589 1878 scissem,
612 1843 817 1883 nunquam
837 1828 916 1869 huc
935 1828 1153 1868 tetulissem
1171 1830 1334 1883 pedem:

80 1897 245 1950 Semper
263 1897 370 1937 enim
389 1897 494 1937 dicta
513 1903 573 1937 est
591 1910 674 1936 esse
694 1896 780 1936 haec
799 1901 918 1948 atque
938 1895 1074 1935 habita
1094 1901 1154 1935 est
1172 1910 1305 1936 sororx

78 1964 178 2008 Quae
196 1963 302 2003 illius
320 1965 492 2013 fuerunt,
515 1963 688 2017 possidet
704 1977 713 2002 z
743 1976 850 2002 nunc
869 1977 934 2003 me
953 1962 1150 2017 hospitem
1494 1968 1540 2006 15

77 2030 185 2070 Lites
204 2031 327 2084 sequi,
349 2044 470 2084 quam
488 2030 530 2070 id
548 2029 648 2069 mihi
668 2030 718 2069 sit
735 2029 851 2069 facile
871 2035 989 2082 atque
1009 2030 1118 2079 utile,

76 2096 258 2137 Aliorum
278 2097 464 2151 exempla
482 2102 760 2136 commonent:
791 2095 910 2135 simul
928 2096 1108 2146 arbitror,

75 2164 101 2203 J
103 2177 169 2203 am
187 2177 270 2204 esse
290 2163 462 2217 aliquem
481 2163 655 2203 amicum
675 2168 716 2202 et
734 2162 983 2202 defensorem
1004 2162 1040 2202 ei
1057 2177 1065 2202 ε
1095 2176 1191 2203 nam
1210 2163 1293 2204 fere

76 2230 367 2270 Grandiuscula
378 2230 464 2283 jam
485 2229 712 2283 profecta'st
728 2228 839 2268 illinc
856 2243 864 2268 ε
895 2228 1112 2278 clamitent,

76 2296 145 2336 Me
165 2296 451 2350 sycophantam
470 2311 478 2335 :
509 2295 784 2336 haereditatem
803 2295 1000 2348 persequi,
1488 2300 1540 2337 20

75 2362 308 2403 Mendicum
324 2378 333 2402 :
363 2369 460 2412 tum,
481 2363 608 2416 ipsam
627 2361 846 2415 despoliare
864 2375 945 2401 non
964 2361 1085 2401 lubet.

75 2429 162 2468 Mv.
201 2430 238 2470 Ο
258 2435 418 2483 optume
436 2429 592 2482 hospes,
612 2428 690 2482 pol,
713 2428 832 2476 Crito,
854 2427 1063 2481 antiquum
1084 2427 1248 2468 obtines.

75 2494 146 2534 Ca.
185 2495 275 2536 Duc
292 2510 358 2535 me
378 2495 430 2535 ad
450 2509 539 2535 eam
557 2509 565 2534 :
596 2495 755 2547 quando
773 2493 852 2533 huc
874 2494 977 2543 veni,
998 2499 1044 2533 ut
1061 2494 1232 2534 videam.
1292 2494 1379 2535 ΜΥ.
1421 2495 1539 2536 Max-

235 2576 340 2602 ume.

74 2628 154 2669 DA.
194 2630 344 2683 Sequar
362 2629 434 2670 hos
450 2644 459 2669 ε
491 2629 582 2669 11010
600 2643 666 2669 me
685 2629 727 2669 in
747 2635 924 2683 tempore
945 2628 1021 2668 hoc
1041 2628 1175 2669 videat
1193 2642 1327 2670 senex.
