1670 3080
630 287 1097 340 PROLOGUS.

131 483 355 525 Posmum
374 487 494 536 poeta
512 486 626 521 vetus
643 486 804 534 poetam
824 493 905 520 non
925 485 1056 534 potest

126 548 344 606 Retraliere
364 549 413 587 ab
435 547 574 595 studio,
597 552 638 586 et
655 547 858 586 transdere
877 545 1115 586 hominem
1103 559 1146 586 ln
1167 545 1317 586 otium·
1307 576 1317 595 ‚

126 600 369 655 METEdictis
372 604 582 662 deterrere,
604 627 655 652 ne
676 613 834 660 scribat,
856 619 995 666 parat:
1038 622 1044 629 ·
1102 620 1132 631 '⁹
1151 613 1154 617 ’
1178 607 1188 633 ¹

125 683 205 727 Qui
223 683 280 721 ita
299 682 464 730 dictitat,
486 693 583 734 quas
602 680 771 720 antehac
790 680 886 719 fecit
903 680 1069 729 fabulas,

123 749 252 806 Tenui
271 762 355 789 esse
376 748 552 788 oratione
573 753 613 786 et
632 747 826 801 scriptura
844 747 924 798 legi
941 762 950 787 :
1037 763 1046 774 ·
1068 734 1101 781 s,
1126 741 1137 769 s
1183 774 1187 776 -
1218 761 1289 789 θῇ
1569 749 1594 786 5

124 806 228 860 Quia
247 829 444 869 nusquam
465 815 650 854 insanum
669 814 765 853 fecit
783 814 1128 854 adulescentulum

122 876 288 933 Cei-vam
311 883 443 922 videre
462 883 613 935 fugere,
636 887 676 921 et
695 881 837 922 sectari
857 894 987 928 Νὴῑιεεε,

121 951 174 990 Et
192 964 281 990 eam
299 950 466 1004 plorare,
488 963 611 998 orare,
632 955 679 988 ut
697 948 908 988 subveniat
923 947 1013 987 sibi.

121 1018 291 1074 Q'ffl?5lfl.i
309 1017 562 1070 intelligeret,
585 1016 680 1055 olim
701 1029 792 1055 cum
813 1015 922 1069 stetit
940 1028 1057 1064 nova,
1078 1034 1083 1039 ·
1208 1027 1261 1043 «4-

120 1084 278 1131 Actoris
291 1076 419 1137 *opera
437 1083 566 1135 magis
585 1082 751 1130 stetisse,
774 1095 895 1134 quam
915 1095 1012 1130 sua;
1546 1083 1595 1118 10

122 1151 260 1190 Minus
278 1150 405 1190 multo
425 1149 624 1197 audacter,
646 1162 767 1201 quam
787 1161 894 1187 nunc
914 1147 1036 1196 laedit,
1058 1147 1234 1187 laederet.

120 1218 240 1257 Nunc
262 1218 295 1257 si
314 1218 402 1270 quis
422 1223 492 1266 est,
514 1217 582 1269 qui
600 1216 676 1256 hoc
697 1216 803 1255 dicat
821 1220 891 1254 aut
909 1215 964 1254 sic
984 1214 1142 1268 cogitet,

121 1284 247 1323 Vetus
266 1284 299 1323 si
316 1290 434 1337 poeta
452 1297 533 1323 non
552 1282 773 1322 lacessisset
791 1282 910 1335 prior,

120 1350 288 1401 Nullum
308 1350 487 1390 invenire
507 1349 716 1403 prologum
735 1354 870 1402 posset
887 1362 1027 1396 novus,

1199 622 1242 634 (ιζ
1271 611 1300 637 ιι
1307 621 1375 633 ἐμ(-

120 1418 251 1462 Quem
271 1416 431 1464 diceret,
452 1416 529 1456 nisi
547 1414 723 1463 haberet,
745 1415 809 1454 cui
828 1414 1112 1454 maledicereti
1544 1416 1590 1454 15

122 1485 162 1525 Is
180 1485 254 1524 sibi
273 1498 507 1538 responsum
525 1483 602 1522 hoc
620 1482 791 1530 habeat3
823 1481 865 1520 in
884 1482 1018 1521 medio
1037 1480 1235 1520 omnibus·
1383 1495 1459 1507 ·‘—···
1482 1488 1483 1493 ’
1508 1482 1542 1500 ”’“
1554 1479 1563 1491 ¹

119 1551 300 1591 Palmam
320 1565 403 1590 esse
423 1550 606 1603 positam,
629 1548 695 1602 qui
716 1553 841 1587 artem
863 1552 1036 1587 tractant
1056 1546 1262 1587 musicam.
1288 1538 1292 1540 ⁸
1403 1543 1413 1552 τ
1438 1539 1442 1546 ’
1540 1534 1547 1543 ’

119 1618 194 1658 Ille
214 1618 267 1658 ad
284 1618 434 1658 famem
452 1616 562 1656 hunc
582 1616 632 1655 ab
652 1614 782 1654 studio
802 1614 953 1653 studuit
972 1613 1146 1653 reicere.

119 1685 199 1725 Hic
218 1685 457 1738 respondere
476 1682 613 1731 voluit,
634 1695 717 1721 non
735 1668 971 1720 lacessere.

119 1751 345 1792 Benedictis
363 1750 396 1789 si
416 1754 615 1797 certasset,
637 1747 811 1787 audisset
828 1748 958 1787 bene:
1537 1750 1590 1786 20

118 1819 236 1864 Quod
254 1819 304 1857 ab
322 1817 391 1857 illo
410 1816 636 1864 allatum'st,
658 1815 732 1854 sibi
752 1828 835 1854 esse
855 1814 898 1853 id
915 1813 1100 1853 rellatum
1119 1818 1243 1867 putet.
1345 1806 1374 1858 (ᾗ
1393 1831 1416 1858 2„
1436 1812 1465 1867 v«s
1552 1818 1573 1840 '·

119 1886 182 1925 De
202 1884 270 1924 illo
284 1884 371 1936 jam
391 1883 514 1922 finem
532 1882 677 1921 faciam
697 1880 859 1920 dicundi
879 1880 990 1929 mih1,
1433 1869 1456 1892 '¹

120 1951 320 1992 Peccandi
339 1963 430 1990 cum
449 1949 533 2002 ipse
553 1948 603 1988 de
622 1961 664 1988 se
683 1947 806 1987 finem
826 1960 908 1986 non
927 1946 1034 1986 facit.

227 2084 359 2132 Nunc,
382 2081 480 2136 quid
497 2080 632 2131 velim,
654 2079 834 2120 animum
854 2079 1048 2119 attendite
1066 2094 1075 2119 :
1107 2084 1273 2134 apporto
1292 2092 1449 2127 novam,

118 2151 478 2206 Epidicazomenen
498 2161 620 2202 quam
639 2153 786 2187 vocant
803 2147 1043 2187 comoediam
1536 2149 1586 2186 25
1607 2173 1612 2178 .

118 2219 263 2267 Graeci,
286 2217 420 2258 Latini
440 2215 724 2255 Phormionem
743 2214 981 2254 nominant:

118 2288 222 2333 Quia
238 2286 388 2340 primas
405 2289 537 2338 partes
555 2281 624 2335 qui
643 2286 746 2334 aget,
766 2281 800 2320 is
819 2280 894 2320 erit
914 2280 1102 2320 Phormio

118 2356 330 2403 Parasitus,
351 2366 422 2406 per
440 2365 561 2406 quem
579 2363 642 2390 res
660 2354 821 2403 geretur
839 2361 1028 2388 maxume
1046 2362 1056 2388 ς

120 2423 316 2464 Voluntas
333 2425 467 2461 vostra
484 2419 518 2458 si
537 2418 588 2458 ad
604 2422 766 2471 poetam
786 2415 1008 2455 accesserit.

119 2492 223 2531 Date
244 2501 418 2542 operam,
439 2485 572 2525 adeste
591 2497 707 2537 aequo
726 2482 860 2522 animo
878 2495 951 2535 per
970 2480 1171 2521 silentium
1189 2501 1195 2519 ι
1534 2481 1585 2520 30

120 2559 183 2598 Ne
203 2556 323 2597 simili
339 2561 501 2595 utamur
517 2553 689 2600 fortuna,
710 2556 829 2603 atque
847 2549 910 2589 usi
929 2562 1077 2598 sumus,

118 2627 222 2665 Cum
239 2637 311 2677 per
329 2620 545 2662 tumultum
562 2624 697 2659 noster
714 2631 815 2671 grex
832 2622 964 2656 motus
981 2616 1082 2656 loco'
1085 2621 1143 2656 st
1157 2627 1230 2652 Γ
1232 2623 1333 2647 f
1362 2612 1399 2662 J„
1511 2633 1514 2635 -
1539 2637 1579 2648 ,,.

120 2693 251 2736 Quem
271 2687 414 2730 actoris
431 2687 556 2727 virtus
574 2685 688 2725 nobis
706 2683 878 2724 restituit
894 2682 1041 2731 locum,
1179 2703 1182 2706 ·
1219 2691 1241 2703 ·-·
1275 2696 1277 2698 ·
1324 2675 1347 2693 “”
1387 2674 1389 2677 ’
1464 2671 1478 2699 5,
1524 2672 1538 2683 ⁰

122 2756 362 2808 Bonitasque
380 2758 513 2794 vostra
532 2751 716 2805 adjutans
734 2755 852 2803 atque
872 2747 1162 2802 aequanimitas.
