1670 3080
544 134 710 167 Ac'rus
749 133 807 165 11.
879 133 1052 165 SCENA
1089 134 1149 164 11.
1498 121 1559 166 13

93 229 165 268 ΡΑ.
195 227 338 280 Neque
349 224 416 278 pol
429 222 568 264 consili
587 222 721 262 locum
735 220 874 268 habeo,
890 233 1021 272 neque
1041 219 1094 259 ad
1107 218 1302 259 auxilium
1317 220 1484 273 copiam.
1508 224 1560 260 20

91 293 169 334 Sed
196 293 296 332 istuc
316 290 508 345 quidnam
526 289 599 328 'st?
661 288 740 329 Cn.
772 287 907 326 Hodie
922 300 1090 326 uxorem
1119 286 1258 326 ducis?
1314 287 1387 325 ΡΑ.
1419 288 1559 327 Aiunt.

258 360 334 399 Cn.
366 356 587 410 Pamphile,
1536 359 1552 362 “

92 428 133 468 Si
152 427 195 468 id
207 427 319 475 facis,
340 425 459 465 hodie
479 430 724 478 postremum
736 435 802 461 me
818 421 940 461 vides.
1001 421 1074 461 ΡΑ.
1105 421 1214 466 Quid
1229 421 1315 460 ita?
1373 423 1447 460 Cn.
1481 423 1561 461 Hei

254 493 376 534 mihi!

90 560 242 600 Vereor
260 559 416 598 dicere:
446 556 538 596 huic
559 556 622 595 dic
643 568 778 608 quaeso
806 553 988 607 Byrrhia.
1059 555 1134 593 ΒΥ.
1167 554 1254 606 Ego
1282 553 1426 593 dicam.
1488 555 1559 594 ΡΑ.

255 626 363 672 Quid
383 631 443 665 est
460 627 476 664 ’ἶ

91 695 163 734 ΒΥ.
195 695 390 747 Sponsam
409 693 475 732 hic
495 698 605 732 tuam
626 697 746 730 amat.
806 690 878 729 ΡΑ.
911 689 988 729 Nae
1008 689 1083 729 iste
1102 689 1211 729 haud
1230 703 1394 733 mecum
1413 690 1533 728 sentit
1553 704 1560 727 ι

251 761 426 800 ehodum
447 760 511 802 dic
532 759 656 800 mihi:

90 829 198 869 Num
216 829 406 882 quidnam
428 827 598 880 amplius
613 826 685 866 tibi
705 839 798 866 cum
818 824 887 865 illa
905 824 994 871 fuit,
1013 824 1212 864 Charine?
1251 825 1326 864 Cu.
1349 825 1428 873 Ah,
1447 825 1563 864 Pam-

250 896 372 950 phile,
1509 896 1560 932 25

90 963 171 1004 Nil.
230 965 302 1004 ΡΑ.
334 965 467 1010 Quam
496 962 666 1002 vellem!
728 962 803 1002 Cn.
836 961 956 1001 Nunc
991 966 1029 1001 te
1062 974 1135 1015 per
1161 960 1391 1009 amicitiam,
1424 967 1464 1000 et
1491 975 1564 1014 per

250 1045 428 1071 amorem
449 1031 624 1079 obsecro,

90 1097 290 1151 Principio
309 1104 355 1137 ut
372 1111 424 1137 ne
445 1097 576 1137 ducas.
637 1097 708 1136 ΡΑ.
741 1096 858 1136 Dabo
885 1096 1071 1149 equidem
1092 1110 1266 1150 operam.
1326 1097 1400 1136 Cu.
1430 1097 1511 1137 Sed
1531 1099 1563 1137 si

249 1163 291 1202 id
310 1177 391 1202 non
412 1168 556 1216 potest,

8 1231 12 1234 ⁴
90 1231 174 1269 Aut
193 1229 264 1269 tibi
282 1229 435 1283 nuptiae
450 1228 515 1269 hae
535 1234 628 1268 sunt
648 1228 767 1268 cordi.
829 1228 901 1267 ΡΑ.
934 1227 1079 1268 Cordi?
1136 1228 1211 1268 Cn.
1244 1228 1394 1268 Saltem
1414 1228 1564 1283 aliquot

253 1297 338 1336 dies

92 1364 238 1412 Profer,
260 1363 355 1403 dum
373 1363 601 1416 proficiscor
620 1362 765 1416 aliquo,
788 1376 839 1402 ne
860 1362 1031 1403 videam.
1091 1363 1164 1401 ΡΑ.
1196 1362 1305 1402 Audi
1320 1376 1428 1402 nunc
1443 1363 1547 1402 'iamt

92 1432 189 1484 Ego,
212 1431 396 1479 Charine,
420 1430 652 1483 neutiquam
673 1430 849 1470 officium
868 1430 984 1469 liberi
1004 1444 1089 1469 esse
1109 1430 1283 1469 hominis
1302 1436 1410 1483 puto,
1510 1432 1563 1469 30

93 1501 193 1538 Cum
212 1499 246 1538 is
265 1499 322 1538 nil
342 1504 504 1547 mereat,
527 1498 727 1551 postulare
748 1498 790 1537 id
808 1498 948 1550 gratiae
969 1497 1117 1550 apponi
1137 1497 1223 1536 sibi.

92 1566 265 1619 Nuptias
286 1566 460 1619 effugere
481 1579 556 1618 ego
575 1565 669 1604 istas
689 1565 807 1614 malo,
831 1578 951 1618 quam
971 1571 1016 1604 tu
1035 1565 1258 1618 adipiscier.

13 1645 16 1648 ’
91 1633 166 1671 Cn.
197 1633 422 1673 Reddidisti
443 1632 636 1672 animum.
696 1632 768 1671 ΡΑ.
800 1632 921 1671 Nunc
943 1632 975 1671 si
995 1631 1091 1684 quid
1110 1637 1222 1685 potes
1243 1639 1312 1671 aut
1332 1639 1388 1682 tu,
1411 1640 1480 1673 aut
1498 1634 1562 1674 hic

256 1700 439 1753 Byrrhia,

92 1767 238 1815 Facite,
260 1767 412 1820 fingite,
434 1767 623 1815 invenite,
647 1767 802 1815 efficite,
827 1767 894 1819 qui
915 1766 1031 1806 detur
1050 1766 1122 1806 tibi
1137 1797 1145 1805 .

92 1833 179 1886 Ego
198 1833 240 1872 id
262 1846 391 1885 agam,
414 1833 481 1886 qui
508 1833 610 1874 mihi
635 1846 687 1872 ne
716 1833 841 1872 detur.
902 1833 976 1872 Cn.
1009 1834 1078 1873 Sat
1100 1833 1239 1872 habeo.
1302 1834 1372 1874 ΡΑ.
1405 1835 1562 1875 Davom

252 1907 414 1954 optume
1340 1928 1343 1933 -
1509 1906 1560 1943 35

93 1967 232 2016 Video,
255 1968 368 2021 cujus
387 1967 554 2006 consilio
578 1966 704 2007 fretus
732 1981 845 2007 sum:
894 1968 967 2007 Cn.
1000 1969 1058 2007 At
1085 1973 1127 2007 tu
1155 1968 1289 2009 hercle
1316 1970 1423 2010 haud
1454 1972 1563 2024 quic—

254 2049 374 2088 quam
393 2034 505 2083 mihi,

91 2102 180 2143 Nisi
199 2116 257 2151 ea,
280 2116 369 2155 quae
394 2102 453 2141 nil
482 2116 581 2156 opus
601 2108 695 2142 sunt
716 2102 832 2142 sciri:
863 2103 991 2156 fugin’
1011 2103 1117 2144 hinc.
1176 2105 1250 2144 ΒΥ.
1283 2105 1370 2159 Ego
1396 2119 1490 2146 vero
1516 2121 1561 2146 ac

251 2171 402 2211 lubens.

524 2345 703 2384 ACTUS
735 2345 791 2385 II.
853 2346 1034 2386 SCENA
1066 2345 1124 2387 II.

440 2450 600 2492 Divus,
658 2451 892 2492 Cumanus.
952 2451 1214 2494 PAMPmLus.

39 2545 79 2621 35-
93 2553 172 2593 DA.
202 2553 258 2593 Di
275 2554 382 2604 boni,
402 2554 500 2594 boni
520 2555 616 2608 quid
634 2556 768 2609 porto!
799 2556 869 2596 sed
887 2557 957 2596 ubi
976 2557 1179 2598 inveniam
1203 2559 1470 2613 Pamphilum,

94 2621 150 2661 Ut
173 2626 338 2671 metum,
372 2622 415 2660 in
443 2635 522 2674 quo
551 2635 660 2662 nunc
690 2628 761 2672 est,
789 2623 978 2673 adimam,
1010 2630 1128 2678 atque
1163 2625 1347 2678 expleam
1381 2628 1561 2667 animum

253 2687 399 2740 gaudio
413 2689 429 2726 2

95 2753 168 2792 Cu.
199 2754 335 2794 Laetus
355 2759 415 2794 est
428 2755 562 2794 nescio
581 2754 688 2808 quid.
749 2755 821 2794 ΡΑ.
853 2755 966 2795 Nihil
988 2762 1071 2796 est:
1103 2757 1283 2797 nondum
1303 2757 1392 2798 haec
1405 2758 1563 2797 rescivit

256 2821 374 2861 mala.
