1670 3080
499 94 656 126 Aca-us
694 93 739 125 v.
810 93 975 125 SCENA
1011 94 1087 126 111.
1446 81 1539 126 211

80 183 155 223 Cn.
193 182 286 223 Jam
317 187 436 222 recte.
521 181 599 220 Da.
640 180 747 226 Quid
779 181 851 220 tu?
890 181 1034 233 ecquid
1070 180 1224 221 locutus
1257 195 1348 221 cum
1382 182 1457 221 ista
1487 196 1541 231 es,

240 249 498 302 quamobrem
518 247 622 287 hanc
642 247 852 286 ducimus?
1443 243 1452 254 '
1492 251 1541 287 15

77 317 151 356 Cn.
190 316 394 368 Transegi.
450 316 529 354 Da.
563 315 669 359 Quid
688 315 744 353 ait
763 315 956 354 tandem?
1012 315 1087 353 Cn.
1120 313 1280 354 Abduci
1298 327 1380 353 non
1398 320 1540 367 potest.

236 372 316 422 De.
356 382 435 427 Qui
454 396 535 422 non
554 383 711 435 potest?

74 451 149 490 Cu.
188 444 293 495 Quia
317 454 482 502 uterque
510 449 668 502 utrique
694 453 753 488 est
780 448 900 488 cordi.
987 448 1066 488 Dc.
1107 448 1215 493 Quid
1245 448 1347 488 istuc
1377 448 1542 488 nostra?

236 516 311 555 Cn.
351 515 520 568 Magni:
550 521 696 568 praeter
714 514 814 562 haec,

73 582 295 635 Cognatam
314 581 490 635 comperi
510 595 593 620 esse
613 581 738 620 nobis.
797 580 875 619 Da.
898 580 1031 625 Quid?
1050 580 1205 620 deliras.
1264 581 1338 620 CH.
1362 580 1426 620 Sic
1442 580 1538 620 erit:

71 648 164 687 Non
202 654 351 688 temere
388 648 503 688 dico:
550 647 650 687 redii
685 660 844 687 mecum
881 647 923 685 in
962 647 1208 686 memoriam.
1293 647 1373 686 Dn.
1415 647 1539 687 Satin'

233 729 351 755 sanus
371 715 443 754 es?

70 782 150 821 NA.
190 783 280 822 Au!
311 783 483 831 obsecro,
506 795 602 822 cave
623 795 674 821 ne
692 781 735 820 in
755 786 966 834 cognatam
986 795 1140 834 pecces.
1229 780 1309 820 DE.
1351 781 1445 821 Non
1467 787 1537 820 est.

230 849 306 888 Cn.
346 850 410 888 Ne
429 862 560 902 nega:
956 887 958 889 .
1485 851 1538 888 20

71 915 198 956 Patris
217 929 365 955 nomen
385 915 494 956 aliud
513 915 664 955 dictum
684 920 762 954 est:
793 914 869 954 hoc
889 920 933 954 tu
953 914 1102 954 errasti.
1188 914 1268 954 Dn.
1309 914 1403 954 Non
1423 921 1539 954 norat

227 987 382 1035 patrem
396 982 412 1021 ?

66 1049 140 1088 Cn.
180 1048 320 1088 Norat.
405 1049 484 1088 De.
525 1048 605 1087 Cur
636 1047 745 1087 aliud
775 1047 906 1086 dixit?
994 1047 1069 1086 Cn.
1109 1047 1389 1100 Nunquamne·
1416 1047 1535 1087 hodie

227 1116 421 1155 concedes
440 1115 550 1163 mihi,

65 1181 206 1235 Neque
221 1181 446 1234 intelliges?
502 1181 582 1220 ΒΕ.
605 1179 646 1220 Si
658 1186 702 1220 tu
713 1180 771 1220 nil
786 1193 935 1220 narras.
985 1180 1060 1219 Cn.
1083 1180 1252 1233 Pergis?
1288 1180 1330 1219 N
1332 1194 1370 1220 A.
1393 1180 1533 1230 Miror,

228 1249 295 1302 qui
314 1249 390 1289 hoc
410 1249 494 1289 siet.
509 1287 511 1290 .

63 1315 141 1355 Dr..
183 1315 380 1369 Equidem
398 1314 531 1355 hercle
551 1314 695 1354 nescio.
796 1314 871 1353 Cu.
911 1313 1007 1353 Vin’
1027 1313 1126 1353 scire
1142 1314 1158 1353 ?
1185 1318 1227 1353 at
1244 1313 1301 1353 ita
1319 1327 1384 1353 me
1405 1319 1535 1353 servet

226 1381 395 1434 Jupiter,
434 1385 438 1388 ”

61 1447 118 1487 Ut
141 1447 302 1502 propior
328 1447 397 1495 illi,
420 1460 541 1500 quam
567 1460 641 1499 ego
670 1460 759 1486 sum
782 1460 828 1486 ac
857 1452 913 1495 tu,
942 1446 1063 1486 homo
1091 1446 1273 1486 nemo‘st.
1334 1470 1336 1474 ·
1358 1447 1437 1486 Da.
1477 1444 1533 1486 Di

225 1518 399 1552 vostram
420 1513 539 1552 fidem
556 1527 565 1551 :
1478 1517 1529 1555 25

59 1580 209 1621 Eamus
234 1580 285 1620 ad
309 1580 436 1634 ipsam
466 1594 548 1620 una
572 1593 711 1620 omnes
733 1593 817 1628 nos,
844 1585 914 1620 aut
941 1580 1040 1619 scire
1065 1585 1134 1620 aut
1157 1581 1309 1621 nescire
1330 1580 1406 1621 hoc
1426 1581 1528 1622 volo.

223 1648 298 1687 Cn.
340 1646 432 1686 Ah!

59 1714 137 1754 Dc.
177 1713 286 1759 Quid
310 1714 398 1753 est?
482 1713 557 1753 Cn.
599 1713 704 1752 Itan'
726 1727 892 1766 parvam
925 1713 1025 1753 mihi
1058 1713 1179 1754 fidem
1207 1727 1293 1754 esse
1322 1715 1429 1768 apud
1462 1716 1530 1755 te?

221 1780 301 1819 DE.
342 1779 436 1819 Vin·
456 1793 522 1819 me
541 1779 732 1819 credere?

58 1846 153 1886 Vin’
172 1846 266 1887 satis
286 1847 496 1899 quaesitum
516 1847 573 1886 mi
592 1846 692 1887 istuc
713 1847 827 1887 esse?
854 1861 940 1900 age,
962 1848 1033 1887 fiat
1049 1862 1058 1887 :
1080 1848 1201 1901 quid?
1228 1848 1298 1888 illa
1316 1849 1399 1890 filia
1594 1878 1602 1886 ..

59 1912 191 1952 Amici
209 1913 333 1952 nostri
353 1913 448 1965 quid
466 1913 725 1952 futurum’st?
807 1914 882 1953 Cn.
924 1915 1062 1953 Recte.
1147 1914 1228 1954 Dm.
1268 1915 1388 1954 Hanc
1407 1915 1528 1968 igitur
1560 1922 1562 1925 ’
1587 1912 1590 1915 ’

216 1978 412 2018 mittimus
425 1979 442 2018 ?

56 2043 130 2083 Cn.
171 2043 352 2088 Quidni?
433 2044 514 2084 Da.
555 2043 632 2084 Illa
650 2046 839 2085 maneat?
922 2046 997 2085 Cu.
1039 2046 1115 2086 Sic.
1200 2047 1279 2086 Da.
1320 2047 1385 2087 Ire
1404 2047 1528 2102 igitur

217 2111 289 2151 tibi
306 2110 411 2160 licet,
435 2111 698 2151 Nausistrata.
1473 2116 1527 2153 30

54 2176 134 2216 ΝΑ.
169 2176 232 2216 Sic
251 2176 319 2230 pol
338 2176 584 2217 commodius
605 2191 689 2216 esse
708 2177 750 2216 in
771 2191 909 2217 omnes
928 2177 1106 2226 arbitror,
1131 2191 1251 2231 quam
1270 2182 1316 2217 ut
1334 2191 1523 2232 coeperas,

54 2243 221 2296 Manere
240 2243 363 2293 hanc;
394 2257 489 2283 nam
508 2243 752 2297 perliberalis
773 2245 916 2294 visa’st,
938 2259 1031 2284 cum
1050 2245 1144 2294 vidi,
1165 2245 1277 2285 mihi.

56 2310 130 2350 Dc.
153 2310 258 2355 Quid
273 2310 373 2350 istuc
387 2310 599 2363 negoti'st?
646 2311 721 2350 Cn.
743 2311 769 2350 J
772 2324 890 2350 amne
911 2311 1066 2365 operuit
1084 2311 1258 2351 ostium?
1314 2311 1393 2351 Dc.
1417 2311 1442 2351 J
1445 2325 1523 2351 am.

217 2377 292 2416 Cn.
324 2379 360 2417 O
381 2378 551 2431 Jupiter,

51 2443 106 2482 Di
151 2457 223 2484 nos
267 2444 510 2497 respiciunt:
562 2449 727 2497 gnatam
774 2444 911 2483 inveni
956 2453 1125 2498 nuptam
1172 2458 1264 2484 cum
1311 2450 1380 2484 tuo
1427 2443 1522 2485 filio.

215 2511 292 2550 Da.
328 2511 455 2550 Hem!

51 2577 140 2621 Quo
157 2583 274 2630 pacto
291 2577 334 2617 id
352 2559 510 2631 potuit?
583 2579 658 2618 Cu.
690 2579 782 2619 Non
803 2580 898 2620 satis
917 2585 1024 2620 tutus
1045 2584 1103 2620 est
1122 2580 1174 2620 ad
1192 2580 1436 2620 narrandum
1456 2579 1521 2619 hic

211 2643 333 2683 locus.
1469 2649 1520 2685 35

50 2708 129 2749 Da.
164 2709 221 2749 At
251 2714 296 2750 tu
326 2711 432 2751 intro
465 2712 541 2752 abi.
627 2713 702 2752 Cu.
746 2712 870 2762 Heus,
905 2727 957 2753 ne
989 2712 1061 2752 filii
1095 2713 1258 2766 quidem
1286 2713 1412 2753 nostri
1445 2712 1521 2752 hoc

211 2776 436 2827 resciscant,
458 2778 560 2818 volo.
