1670 3080
147 138 209 185 48
726 160 1008 193 EUNUCHUS.

137 245 290 299 Ecquid
315 245 392 284 beo
418 245 486 285 te?
568 245 640 285 ΡΛ.
681 245 827 285 Men’?
859 247 997 300 papae!
1085 249 1164 287 GN.
1206 248 1270 288 Sic
1302 247 1408 288 soleo
1433 249 1596 291 amicos.

300 312 371 351 ΡΑ.
413 312 564 351 Laudo.

137 378 216 416 GN.
256 377 428 417 Detineo
447 384 485 417 te
502 392 511 416 ε
541 378 703 417 fortasse
724 384 767 418 tu
786 380 983 431 profectus
1003 380 1080 419 alio
1098 381 1241 420 fueras.

136 444 206 482 ΡΑ.
247 444 468 497 Nusquam.
554 446 635 484 GN.
674 446 779 484 Tum
812 452 855 485 tu
885 446 1005 498 igitur
1034 446 1240 498 paululum
1266 447 1318 488 da
1349 448 1409 488 mi
1440 462 1598 503 operae:

296 511 358 550 fac
377 517 422 550 ut
440 512 626 551 admittar
1416 517 1418 519 ’
1545 518 1598 556 50

134 578 200 616 Ad
219 577 339 616 illam.
426 578 496 616 ΡΑ.
538 579 627 630 Age
646 578 764 617 modo
785 591 891 617 nunc
911 578 982 617 tibi
1001 583 1112 631 patet
1129 578 1223 618 foris
1240 578 1341 628 haec,
1369 579 1462 632 quia
1480 580 1597 621 istam

296 645 418 683 ducis.

135 711 215 748 GN.
257 710 366 748 Num
385 723 504 763 quem
531 710 686 749 evocari
714 709 807 749 hinc
828 710 886 749 vis
911 711 1046 750 foras?
1102 711 1174 751 ΡΑ.
1214 711 1306 751 Sine
1334 712 1499 754 biduum
1522 712 1597 754 hoc

294 782 504 828 praetereat
521 790 529 814 :

133 843 212 887 Qui
231 843 330 881 mihi
349 856 455 882 nunc
475 857 556 882 uno
576 842 743 895 digitulo
762 843 888 882 forem
908 844 1036 896 aperis
1055 845 1290 894 fortunatus,

134 910 210 949 Nae
230 917 273 950 tu
292 911 417 949 istanc
437 911 529 949 faxo
549 910 722 950 calcibus
742 925 847 964 saepe
865 911 1071 951 insultabis
1091 912 1247 952 frustra.

135 978 214 1015 GN.
256 977 438 1016 Etiamne
467 982 511 1015 tu
535 976 600 1015 hic
623 982 712 1025 stas,
746 977 971 1017 Parmeno?
999 977 1096 1017 eho!
1127 991 1321 1018 numnam
1344 978 1410 1018 hic
1435 979 1595 1020 relictus

294 1050 434 1091 eustos„
1542 1048 1594 1090 55

134 1110 196 1148 Ne
217 1109 304 1162 quis
322 1110 421 1148 forte
441 1109 707 1149 internuntius
728 1110 831 1150 clam
851 1125 876 1150 a
894 1110 1018 1150 milite
1039 1111 1090 1150 ad
1108 1111 1225 1151 istam
1244 1113 1403 1151 curset?

133 1176 210 1215 PA.¹
246 1177 388 1215 Facete
409 1176 558 1215 dictum
575 1191 584 1215 z
614 1177 716 1216 mira
734 1191 828 1217 vero
847 1178 963 1217 militi
982 1193 1072 1232 quae
1091 1178 1331 1235 placeany—

133 1244 211 1283 Sed
230 1244 344 1283 video
363 1243 529 1283 herilem
548 1244 675 1284 filium
694 1245 889 1285 minorem
908 1245 986 1284 huc
1006 1245 1206 1285 advenire.

133 1312 270 1361 Miror,
293 1313 387 1365 quid
407 1327 457 1353 ex
477 1314 604 1353 Piraeo
624 1314 787 1353 abierit:
818 1327 912 1352 nam
931 1313 987 1353 ibi
1006 1319 1136 1352 custos
1154 1312 1311 1366 publice
1331 1319 1390 1353 est
1408 1326 1526 1352 nunc.

133 1379 225 1419 Non
241 1385 388 1420 temere
405 1386 484 1420 est:
506 1386 546 1420 et
559 1394 775 1434 properans
795 1381 904 1420 venit
920 1395 928 1420 ε
950 1380 1083 1420 nescio
1096 1379 1192 1433 quid
1207 1380 1519 1434 circumspectat.
1541 1383 1593 1420 60
1663 1427 1670 1443 j

548 1584 725 1623 ACTUS
757 1584 814 1623 II.
874 1584 1054 1623 SCENA
1086 1584 1167 1623 III.

620 1688 817 1727 camum.
878 1687 1096 1726 nummo.

132 1791 205 1829 Cn.
246 1792 395 1831 Occidi.

133 1857 273 1910 Neque
294 1858 405 1909 virgo
425 1863 484 1896 est
500 1871 669 1910 usquam
686 1872 695 1896 ε
726 1871 854 1911 neque
876 1871 960 1910 ego,
989 1857 1058 1910 qui
1076 1856 1185 1897 illam
1205 1871 1227 1896 e
1247 1862 1460 1910 conspectu
1480 1855 1594 1896 amisi
1663 1852 1670 1912 J

293 1937 394 1962 meo.
1651 1918 1659 1927 ⁶

132 1989 210 2028 Ubi
230 2002 418 2041 quaeram,
440 1988 508 2027 ubi
526 1987 773 2040 investigem,
796 2001 915 2040 quem
934 1992 1154 2040 perconter,
1177 2001 1256 2040 qua
1273 1987 1451 2027 insistam
1470 1987 1547 2034 via,

134 2057 313 2096 Incertus
328 2069 417 2094 sum
433 2070 441 2094 ε
462 2069 543 2094 una
556 2055 644 2094 haec
658 2069 746 2108 spes
762 2061 821 2093 est
836 2070 845 2103 ;
866 2055 935 2093 ubi
953 2055 1023 2093 ubi
1038 2060 1107 2103 est,
1125 2053 1195 2093 diu
1213 2053 1334 2093 celari
1351 2067 1433 2092 non
1451 2057 1592 2107 potest.
1648 2044 1670 2083 5⁵⁶

133 2124 169 2162 Ο
188 2123 331 2162 faciem
350 2121 580 2175 pulchram:
611 2121 723 2160 deleo
743 2134 880 2159 omnes
901 2120 1044 2159 dehinc
1065 2133 1116 2159 ex
1134 2119 1268 2159 animo
1286 2118 1471 2158 mulieres
1487 2132 1496 2157 ε
1567 2120 1610 2174 5,
1663 2119 1665 2121 ’

131 2189 166 2228 Τ
167 2188 271 2228 aedet
301 2188 619 2240 quotidianarum
651 2187 793 2227 harum
822 2187 1051 2227 formarum.
1138 2187 1209 2226 ΡΑ.
1250 2186 1353 2226 Ecce
1379 2191 1513 2226 autem
1537 2184 1613 2226 ab*

294 2261 423 2294 terum
440 2255 449 2294 !

134 2323 278 2362 Nescio
298 2323 393 2376 quid
412 2323 460 2362 de
479 2336 612 2362 amore
630 2322 803 2374 loquitur
820 2336 828 2360 ι
861 2323 896 2361 O
917 2322 1203 2361 inforumatum
1223 2333 1359 2360 senem
1375 2321 1386 2360 l

139 2390 213 2430 Hic
233 2404 325 2430 vero
345 2395 414 2439 est,
437 2390 504 2443 qui
523 2390 555 2429 si
574 2389 780 2441 occeperit,

135 2457 292 2496 Ludum
305 2457 520 2509 jocumque
541 2457 647 2496 dicas
666 2456 786 2495 fuisse
805 2455 917 2495 illum
938 2455 1117 2504 alterum,
1635 2492 1643 2507 ,

134 2525 269 2563 Praeut
286 2524 404 2577 hujus
422 2523 550 2562 rabies
570 2537 658 2576 quae
679 2522 799 2562 dabit.
1544 2522 1596 2560 10

134 2592 208 2631 Cn.
248 2591 305 2630 Ut
330 2591 443 2630 illum
470 2591 524 2629 Di
554 2591 652 2630 Deae
681 2603 817 2629 omnes
843 2590 996 2629 senium
1019 2589 1198 2642 perdant,
1229 2589 1297 2642 qui
1314 2588 1432 2628 hodie
1450 2601 1595 2628 mere-

295 2662 468 2696 moratus
488 2662 570 2705 est;
1296 2698 1310 2713 ἢ

136 2724 284 2776 Meque
303 2723 413 2771 adeo,
435 2723 503 2775 qui
521 2722 730 2762 restiterim
746 2737 755 2771 3
787 2728 872 2762 tum
891 2728 1024 2761 autem
1044 2722 1112 2775 qui
1130 2721 1243 2762 illum
1261 2715 1377 2761 flbeci
1394 2721 1579 2762 fecerism

137 2791 215 2830 Sed
235 2804 372 2830 eccum
394 2790 710 2829 Parmenonem:
742 2789 859 2828 salve.
920 2789 990 2828 ΡΛ.
1023 2787 1131 2833 Quid
1148 2793 1193 2828 tu
1212 2801 1254 2828 es
1272 2786 1423 2829 tristis?
1450 2787 1595 2840 quidve

299 2869 340 2894 es
360 2854 527 2894 alacris?
