1670 3080
484 112 644 144 Acras
681 111 758 143 111.
829 111 995 144 SCENA
1031 113 1078 144 v.
1439 98 1533 150 167

58 197 122 239 Ite
138 198 267 239 intro:
296 211 372 252 ego
390 197 498 238 hunc
518 199 647 248 adibo,
669 199 702 239 si
721 199 818 253 quid
837 213 902 240 me
922 199 1030 239 velit.
1486 206 1533 243 15

21 299 26 303 .
59 265 181 315 Here,
219 260 341 304 etiam
379 270 423 304 tu
460 265 526 304 hic
566 266 675 306 stas?
759 266 866 307 PAM.
917 267 970 306 Et
1007 266 1169 321 quidem
1207 273 1246 308 te
1284 275 1532 322 exspectans.

220 333 322 372 PAR.
362 333 468 378 Quid
489 338 548 373 est
565 334 581 372 ?

56 399 162 440 Pau.
222 401 271 440 In
319 413 453 440 arcem
501 407 727 441 transcurso
774 416 873 456 opus
920 409 990 443 est.
1077 404 1178 444 PAR.
1229 404 1304 445 Cui
1348 404 1535 445 homini?

219 466 326 506 PAM.
366 467 471 507 Tibi.

54 531 156 572 PAR.
197 532 248 572 In
267 534 432 572 arcem?
460 533 556 586 quid
576 534 650 573 eo?
734 534 841 574 ΡΑΜ.
882 534 1187 594 Callidemidem
1206 535 1404 591 hospitem

54 598 305 652 Myconium,
328 601 397 653 qui
415 615 576 641 mecum
595 615 677 641 una
696 603 895 652 vectus'st,
919 604 1103 643 conveni.

54 665 156 706 PAR.
198 667 328 707 Perii:
360 668 512 708 vovisse
531 668 639 709 hunc
660 670 803 719 dicam,
826 671 858 710 si
878 671 1010 715 salvus
1030 672 1195 712 domum
1480 677 1533 713 20

55 732 241 773 Redisset
257 748 450 788 unquam,
469 741 515 775 ut
533 750 598 776 me
618 737 860 776 ambulando
879 744 1094 792 rumperet.

54 800 170 841 ΡΛΜ.Δ
201 802 309 846 Quid
346 804 506 842 cessas?
599 805 700 844 PAR.
750 805 859 850 Quid
894 805 954 846 vis
992 806 1123 846 dicam
1142 807 1158 846 2
1203 820 1256 847 an
1294 808 1531 848 conveniam

217 869 338 910 modo
352 871 368 910 ’ἰ
708 923 711 924 ⁷

53 936 160 976 PAM.
202 937 345 986 Immo,
368 938 475 991 quod
495 940 682 979 constitui
701 941 766 979 me
786 939 904 980 hodie
926 947 1218 981 conventurum
1239 956 1342 991 eum,

53 1003 148 1044 Non
167 1018 294 1058 posse,
315 1018 368 1044 ne
387 1019 453 1044 me
472 1005 618 1045 frustra
636 1005 694 1045 illi
714 1013 940 1060 exspectet:
971 1007 1074 1047 vola.

53 1071 154 1111 PAR.
208 1072 266 1110 At
301 1085 384 1111 non
421 1072 517 1112 novi
553 1072 729 1112 hominis
765 1073 922 1113 faciem.
1028 1075 1135 1114 PAM.
1193 1076 1251 1115 At
1286 1075 1444 1125 faciam,
1486 1082 1532 1116 ut

214 1139 375 1180 noveris
391 1154 400 1179 :
1477 1145 1528 1182 25

55 1205 242 1259 Magnus,
262 1206 518 1254 rubicundus,
540 1207 702 1261 crispus,
725 1221 889 1256 crassuS‚
912 1207 1064 1256 caesius,

56 1273 303 1314 Cadaverosa
322 1274 436 1314 facie.
523 1275 624 1314 PAR.
665 1275 720 1314 Di
739 1274 851 1314 illum
871 1275 1071 1327 perduint.

55 1339 173 1389 Quid,
195 1340 228 1380 si
246 1353 328 1380 non
346 1340 507 1380 veniet?
535 1355 774 1381 maneamne
794 1355 919 1395 usque
939 1342 991 1381 ad
1009 1343 1248 1395 vesperum?

56 1406 164 1446 PAM.
205 1407 399 1447 Maneto:
428 1420 555 1447 curre.
642 1408 743 1447 PAR.
785 1408 879 1447 Non
901 1422 1029 1462 queo:
1060 1408 1116 1448 ita
1135 1409 1312 1450 defessus
1331 1422 1431 1449 sum.

56 1473 163 1514 PAM.
204 1473 279 1513 Ille
299 1474 422 1513 abiit:
453 1474 549 1527 quid
569 1488 686 1527 agam
706 1474 877 1513 infelix?
904 1488 1063 1527 prorsus
1084 1475 1229 1524 nescio,
1477 1478 1529 1515 30

56 1541 148 1588 Quo
166 1548 283 1597 pacto
301 1542 378 1582 hoc
398 1543 536 1592 celem,
560 1543 666 1597 quod
685 1557 750 1582 me
773 1543 901 1582 oravit
921 1543 1146 1595 Myrrhina,

58 1609 149 1649 Suae
167 1615 302 1662 gnatae
321 1615 482 1663 partum
499 1624 507 1648 :
538 1623 633 1649 nam
653 1623 717 1649 me
736 1609 898 1649 miseret
916 1609 1106 1649 mulieris.

57 1677 175 1722 Quod
189 1682 327 1730 potero
345 1677 502 1726 faciam,
524 1682 659 1717 tamen
679 1683 724 1717 ut
741 1678 932 1731 pietatem
953 1676 1081 1717 colam
1099 1692 1107 1716 :

57 1744 166 1785 Nam
185 1758 250 1784 me
269 1745 426 1798 parenti
443 1745 587 1799 potius,
609 1759 730 1799 quam
750 1745 875 1784 amori
896 1745 1060 1798 obsequi

58 1813 248 1866 Oportet:
279 1817 381 1852 attat
400 1826 551 1862 eccum,
575 1813 818 1866 Phidippum
838 1818 879 1852 et
897 1819 1054 1866 patrem
1477 1817 1527 1854 35

59 1879 189 1919 Video
207 1894 215 1919 :
244 1879 408 1920 horsum
426 1885 626 1934 pergunt:
657 1881 754 1933 quid
772 1881 903 1921 dicam
923 1880 1044 1931 hisce,
1066 1881 1241 1922 incertus
1262 1895 1362 1922 sum.

482 2081 661 2121 ACTUS
692 2081 776 2121 111.
836 2081 1019 2122 SCENA
1050 2082 1100 2122 V.

393 2189 574 2228 LAcnns.
635 2189 879 2228 Pmmm’us.
939 2189 1200 2229 Pmpmws.

57 2295 132 2336 LA.
171 2293 326 2334 Dixtin’
347 2294 512 2343 dudum,
534 2293 644 2333 illam
665 2293 821 2343 dixisse,
844 2308 885 2334 se
905 2299 1135 2348 exspectare
1154 2294 1313 2335 filium?

56 2361 134 2403 Pa.
173 2362 360 2402 Factum..
440 2361 515 2400 LA.
557 2361 726 2401 Venisse
746 2361 881 2401 aiunt:
912 2361 1059 2402 redeat.
1158 2361 1230 2402 ΡΑ.
1271 2362 1412 2403 Causae
1432 2363 1528 2417 quid

216 2428 347 2469 dicam
365 2428 482 2482 patri,

57 2496 327 2543 Quamobrem
345 2509 428 2536 non
446 2495 675 2545 redducam,
696 2495 843 2535 neseio.
930 2494 1005 2536 La.
1045 2495 1176 2539 Quem
1200 2509 1275 2549 ego
1302 2495 1368 2537 hic
1391 2496 1529 2537 vaudivi

216 2563 327 2616 loqui
341 2563 357 2602 ’ἓ

57 2630 131 2671 ΡΑ.
171 2630 334 2670 Certum
353 2629 552 2669 offirmare
572 2634 632 2669 est
650 2629 757 2669 viam
775 2642 853 2678 me,
876 2642 997 2683 quam
1017 2629 1175 2670 decrevi
1194 2631 1390 2685 persequi.

57 2697 132 2739 LA.
181 2698 297 2752 Ipsus
329 2702 400 2746 est,
435 2697 485 2737 de
519 2710 598 2750 quo
632 2695 709 2737 hoc
747 2697 917 2749 agebam
954 2702 1100 2738 tecum.
1186 2697 1258 2737 ΡΑ.
1309 2697 1437 2746 Salve,
1471 2698 1529 2737 mi

7 2760 9 2762 ’
217 2770 342 2818 pater.
1501 2767 1526 2804 5

58 2832 133 2872 LA.
157 2832 288 2872 Gnate
308 2831 376 2880 mi,
399 2830 518 2871 salve.
576 2831 654 2871 Pa.
676 2831 786 2872 Bene
804 2831 968 2880 factum,
991 2836 1029 2870 te
1050 2831 1269 2879 advenisse}
1294 2831 1526 2886 Pamphile:
