<?xml version="1.0" encoding="UTF-8"?>
<!DOCTYPE html PUBLIC "-//W3C//DTD XHTML 1.0 Transitional//EN"
    "http://www.w3.org/TR/xhtml1/DTD/xhtml1-transitional.dtd">
<html xmlns="http://www.w3.org/1999/xhtml" xml:lang="en" lang="en">
 <head>
  <title>
</title>
<meta http-equiv="Content-Type" content="text/html;charset=utf-8" />
  <meta name='ocr-system' content='tesseract 3.04.00' />
  <meta name='ocr-capabilities' content='ocr_page ocr_carea ocr_par ocr_line ocrx_word'/>
</head>
<body>
  <div class='ocr_page' id='page_1' title='image "./comoediaesext00tereuoft_0162.png"; bbox 0 0 1670 3080; ppageno 0'>
   <div class='ocr_carea' id='block_1_1' title="bbox 154 150 1010 217">
    <p class='ocr_par' dir='ltr' id='par_1_1' title="bbox 154 150 1010 217">
     <span class='ocr_line' id='line_1_1' title="bbox 154 150 1010 217; baseline 0 -20"><span class='ocrx_word' id='word_1_1' title='bbox 154 150 249 197; x_wconf 66' lang='lat'>124</span> <span class='ocrx_word' id='word_1_2' title='bbox 768 166 1010 217; x_wconf 64' lang='lat' dir='ltr'><strong>ADELPHJ·</strong></span> 
     </span>
    </p>
   </div>
   <div class='ocr_carea' id='block_1_2' title="bbox 152 249 1654 1032">
    <p class='ocr_par' dir='ltr' id='par_1_2' title="bbox 152 249 1654 371">
     <span class='ocr_line' id='line_1_2' title="bbox 152 249 1654 304; baseline 0 -14"><span class='ocrx_word' id='word_1_3' title='bbox 152 253 219 292; x_wconf 52' lang='lat' dir='ltr'>Sa.</span> <span class='ocrx_word' id='word_1_4' title='bbox 259 250 338 296; x_wconf 80' lang='lat' dir='ltr'>Qui</span> <span class='ocrx_word' id='word_1_5' title='bbox 357 249 468 304; x_wconf 88' lang='lat' dir='ltr'>potui</span> <span class='ocrx_word' id='word_1_6' title='bbox 486 249 639 299; x_wconf 86' lang='lat' dir='ltr'>melius,</span> <span class='ocrx_word' id='word_1_7' title='bbox 662 251 730 303; x_wconf 85' lang='lat' dir='ltr'>qui</span> <span class='ocrx_word' id='word_1_8' title='bbox 747 250 866 291; x_wconf 88' lang='lat' dir='ltr'>hodie</span> <span class='ocrx_word' id='word_1_9' title='bbox 886 252 922 291; x_wconf 93' lang='lat' dir='ltr'>ei</span> <span class='ocrx_word' id='word_1_10' title='bbox 940 265 1064 304; x_wconf 90' lang='lat' dir='ltr'>usque</span> <span class='ocrx_word' id='word_1_11' title='bbox 1085 264 1127 290; x_wconf 90' lang='lat' dir='ltr'>os</span> <span class='ocrx_word' id='word_1_12' title='bbox 1145 250 1327 304; x_wconf 78' lang='lat' dir='ltr'>praebui?</span> <span class='ocrx_word' id='word_1_13' title='bbox 1401 251 1468 290; x_wconf 73' lang='lat' dir='ltr'>SY.</span> <span class='ocrx_word' id='word_1_14' title='bbox 1508 251 1612 304; x_wconf 81' lang='lat' dir='ltr'>Age,</span> <span class='ocrx_word' id='word_1_15' title='bbox 1646 257 1654 264; x_wconf 76' lang='grc'>’·</span> 
     </span>
     <span class='ocr_line' id='line_1_3' title="bbox 313 318 701 371; baseline 0 -14"><span class='ocrx_word' id='word_1_16' title='bbox 313 318 399 366; x_wconf 85' lang='lat' dir='ltr'>scis,</span> <span class='ocrx_word' id='word_1_17' title='bbox 421 318 517 370; x_wconf 91' lang='lat' dir='ltr'>quid</span> <span class='ocrx_word' id='word_1_18' title='bbox 534 318 701 371; x_wconf 83' lang='lat' dir='ltr'>loquar?</span> 
     </span>
    </p>

    <p class='ocr_par' dir='ltr' id='par_1_3' title="bbox 153 382 1613 437">
     <span class='ocr_line' id='line_1_4' title="bbox 153 382 1613 437; baseline -0.001 -14"><span class='ocrx_word' id='word_1_19' title='bbox 153 384 370 424; x_wconf 74' lang='lat' dir='ltr'>Pecuniam</span> <span class='ocrx_word' id='word_1_20' title='bbox 390 385 430 424; x_wconf 88' lang='lat' dir='ltr'>in</span> <span class='ocrx_word' id='word_1_21' title='bbox 451 385 537 423; x_wconf 91' lang='grc'><strong>1000</strong></span> <span class='ocrx_word' id='word_1_22' title='bbox 557 384 770 437; x_wconf 86' lang='lat' dir='ltr'>negligere,</span> <span class='ocrx_word' id='word_1_23' title='bbox 792 398 1027 424; x_wconf 86' lang='lat' dir='ltr'>maxumum</span> <span class='ocrx_word' id='word_1_24' title='bbox 1045 382 1297 423; x_wconf 84' lang='lat' dir='ltr'>interdum&#39;st</span> <span class='ocrx_word' id='word_1_25' title='bbox 1313 382 1482 423; x_wconf 84' lang='lat' dir='ltr'>lucrum.</span> <span class='ocrx_word' id='word_1_26' title='bbox 1504 383 1613 423; x_wconf 88' lang='lat' dir='ltr'>Hui!</span> 
     </span>
    </p>

    <p class='ocr_par' dir='ltr' id='par_1_4' title="bbox 154 444 1574 505">
     <span class='ocr_line' id='line_1_5' title="bbox 154 444 1574 505; baseline -0.001 -14"><span class='ocrx_word' id='word_1_27' title='bbox 154 452 345 500; x_wconf 89' lang='lat' dir='ltr'>Metuisti,</span> <span class='ocrx_word' id='word_1_28' title='bbox 368 452 400 490; x_wconf 91' lang='lat' dir='ltr'>si</span> <span class='ocrx_word' id='word_1_29' title='bbox 419 466 526 490; x_wconf 88' lang='lat' dir='ltr'>nunc</span> <span class='ocrx_word' id='word_1_30' title='bbox 546 452 594 490; x_wconf 92' lang='lat' dir='ltr'>de</span> <span class='ocrx_word' id='word_1_31' title='bbox 616 459 683 491; x_wconf 86' lang='lat' dir='ltr'>tuo</span> <span class='ocrx_word' id='word_1_32' title='bbox 697 453 787 505; x_wconf 88' lang='lat' dir='ltr'>jure</span> <span class='ocrx_word' id='word_1_33' title='bbox 807 452 1064 492; x_wconf 85' lang='lat' dir='ltr'>concessisses</span> <span class='ocrx_word' id='word_1_34' title='bbox 1082 450 1302 504; x_wconf 89' lang='lat' dir='ltr'>paululum,</span> <span class='ocrx_word' id='word_1_35' title='bbox 1323 457 1442 505; x_wconf 84' lang='lat' dir='ltr'>atque</span> <span class='ocrx_word' id='word_1_36' title='bbox 1572 444 1574 447; x_wconf 42' lang='grc'><strong>”</strong></span> 
     </span>
    </p>

    <p class='ocr_par' dir='ltr' id='par_1_5' title="bbox 153 516 1616 570">
     <span class='ocr_line' id='line_1_6' title="bbox 153 516 1616 570; baseline -0.001 -13"><span class='ocrx_word' id='word_1_37' title='bbox 153 517 411 557; x_wconf 81' lang='lat' dir='ltr'>Adulescenti</span> <span class='ocrx_word' id='word_1_38' title='bbox 431 531 534 556; x_wconf 91' lang='lat' dir='ltr'>esses</span> <span class='ocrx_word' id='word_1_39' title='bbox 554 518 823 570; x_wconf 83' lang='lat' dir='ltr'>morigeratus,</span> <span class='ocrx_word' id='word_1_40' title='bbox 845 517 1053 556; x_wconf 88' lang='lat' dir='ltr'>hominum</span> <span class='ocrx_word' id='word_1_41' title='bbox 1073 516 1193 556; x_wconf 92' lang='lat' dir='ltr'>homo</span> <span class='ocrx_word' id='word_1_42' title='bbox 1211 516 1450 564; x_wconf 80' lang='lat' dir='ltr'>stultissime,</span> <span class='ocrx_word' id='word_1_43' title='bbox 1564 518 1616 557; x_wconf 90' lang='grc'>10</span> 
     </span>
    </p>

    <p class='ocr_par' dir='ltr' id='par_1_6' title="bbox 154 584 1603 637">
     <span class='ocr_line' id='line_1_7' title="bbox 154 584 1603 637; baseline -0.001 -13"><span class='ocrx_word' id='word_1_44' title='bbox 154 586 217 625; x_wconf 90' lang='lat' dir='ltr'>Ne</span> <span class='ocrx_word' id='word_1_45' title='bbox 237 598 318 623; x_wconf 90' lang='lat' dir='ltr'>non</span> <span class='ocrx_word' id='word_1_46' title='bbox 339 585 409 623; x_wconf 90' lang='lat' dir='ltr'>tibi</span> <span class='ocrx_word' id='word_1_47' title='bbox 428 584 527 623; x_wconf 84' lang='lat' dir='ltr'>istuc</span> <span class='ocrx_word' id='word_1_48' title='bbox 547 584 771 623; x_wconf 83' lang='lat' dir='ltr'>foeneraret.</span> <span class='ocrx_word' id='word_1_49' title='bbox 857 585 923 623; x_wconf 73' lang='lat' dir='ltr'>SA.</span> <span class='ocrx_word' id='word_1_50' title='bbox 963 584 1050 637; x_wconf 90' lang='lat' dir='ltr'>Ego</span> <span class='ocrx_word' id='word_1_51' title='bbox 1070 597 1181 637; x_wconf 87' lang='lat' dir='ltr'>spem</span> <span class='ocrx_word' id='word_1_52' title='bbox 1199 584 1327 637; x_wconf 88' lang='lat' dir='ltr'>pretio</span> <span class='ocrx_word' id='word_1_53' title='bbox 1344 597 1425 623; x_wconf 89' lang='lat' dir='ltr'>non</span> <span class='ocrx_word' id='word_1_54' title='bbox 1444 597 1546 623; x_wconf 89' lang='lat' dir='ltr'>emo.</span> <span class='ocrx_word' id='word_1_55' title='bbox 1583 600 1603 620; x_wconf 61' lang='grc' dir='ltr'>ι</span> 
     </span>
    </p>

    <p class='ocr_par' dir='ltr' id='par_1_7' title="bbox 155 651 1614 704">
     <span class='ocr_line' id='line_1_8' title="bbox 155 651 1614 704; baseline -0.001 -13"><span class='ocrx_word' id='word_1_56' title='bbox 155 653 222 691; x_wconf 73' lang='lat' dir='ltr'>SY.</span> <span class='ocrx_word' id='word_1_57' title='bbox 245 652 463 704; x_wconf 88' lang='lat' dir='ltr'>Nunquam</span> <span class='ocrx_word' id='word_1_58' title='bbox 482 665 567 690; x_wconf 91' lang='lat' dir='ltr'>rem</span> <span class='ocrx_word' id='word_1_59' title='bbox 586 651 707 690; x_wconf 88' lang='lat' dir='ltr'>facies</span> <span class='ocrx_word' id='word_1_60' title='bbox 723 666 732 690; x_wconf 79' lang='lat' dir='ltr'>z</span> <span class='ocrx_word' id='word_1_61' title='bbox 753 651 830 700; x_wconf 82' lang='lat' dir='ltr'>abi,</span> <span class='ocrx_word' id='word_1_62' title='bbox 850 665 931 691; x_wconf 93' lang='lat' dir='ltr'>non</span> <span class='ocrx_word' id='word_1_63' title='bbox 951 652 1026 690; x_wconf 85' lang='lat' dir='ltr'>scis</span> <span class='ocrx_word' id='word_1_64' title='bbox 1045 651 1220 690; x_wconf 84' lang='lat' dir='ltr'>inescare</span> <span class='ocrx_word' id='word_1_65' title='bbox 1238 651 1431 700; x_wconf 87' lang='lat' dir='ltr'>homines,</span> <span class='ocrx_word' id='word_1_66' title='bbox 1455 651 1614 691; x_wconf 83' lang='lat' dir='ltr'>Sannio.</span> 
     </span>
    </p>

    <p class='ocr_par' dir='ltr' id='par_1_8' title="bbox 156 716 1617 833">
     <span class='ocr_line' id='line_1_9' title="bbox 156 716 1617 770; baseline 0.001 -13"><span class='ocrx_word' id='word_1_67' title='bbox 156 718 223 758; x_wconf 55' lang='lat' dir='ltr'>SA.</span> <span class='ocrx_word' id='word_1_68' title='bbox 259 718 397 765; x_wconf 88' lang='lat' dir='ltr'>Credo,</span> <span class='ocrx_word' id='word_1_69' title='bbox 418 717 518 756; x_wconf 91' lang='lat' dir='ltr'>istuc</span> <span class='ocrx_word' id='word_1_70' title='bbox 543 716 686 756; x_wconf 84' lang='lat' dir='ltr'>melius</span> <span class='ocrx_word' id='word_1_71' title='bbox 715 731 798 756; x_wconf 90' lang='lat' dir='ltr'>esse</span> <span class='ocrx_word' id='word_1_72' title='bbox 817 731 826 756; x_wconf 87' lang='lat'><strong>:</strong></span> <span class='ocrx_word' id='word_1_73' title='bbox 857 731 996 756; x_wconf 90' lang='lat' dir='ltr'>verum</span> <span class='ocrx_word' id='word_1_74' title='bbox 1023 731 1096 770; x_wconf 91' lang='lat' dir='ltr'>ego</span> <span class='ocrx_word' id='word_1_75' title='bbox 1119 731 1327 770; x_wconf 90' lang='lat' dir='ltr'>nunquam</span> <span class='ocrx_word' id='word_1_76' title='bbox 1347 718 1446 757; x_wconf 85' lang='lat' dir='ltr'>adeo</span> <span class='ocrx_word' id='word_1_77' title='bbox 1464 724 1617 758; x_wconf 71' lang='lat' dir='ltr'>astutus</span> 
     </span>
     <span class='ocr_line' id='line_1_10' title="bbox 315 784 386 833; baseline 0 0"><span class='ocrx_word' id='word_1_78' title='bbox 315 784 386 833; x_wconf 84' lang='lat' dir='ltr'>fui,</span> 
     </span>
    </p>

    <p class='ocr_par' dir='ltr' id='par_1_9' title="bbox 157 850 1482 905">
     <span class='ocr_line' id='line_1_11' title="bbox 157 850 1482 905; baseline 0.002 -16"><span class='ocrx_word' id='word_1_79' title='bbox 157 850 276 899; x_wconf 85' lang='lat' dir='ltr'>Quin,</span> <span class='ocrx_word' id='word_1_80' title='bbox 298 850 486 903; x_wconf 84' lang='lat' dir='ltr'>quicquid</span> <span class='ocrx_word' id='word_1_81' title='bbox 503 864 672 903; x_wconf 86' lang='lat' dir='ltr'>possem,</span> <span class='ocrx_word' id='word_1_82' title='bbox 694 850 854 890; x_wconf 90' lang='lat' dir='ltr'>mallem</span> <span class='ocrx_word' id='word_1_83' title='bbox 874 851 1028 890; x_wconf 85' lang='lat' dir='ltr'>auferre</span> <span class='ocrx_word' id='word_1_84' title='bbox 1047 851 1177 904; x_wconf 82' lang='lat' dir='ltr'>potius</span> <span class='ocrx_word' id='word_1_85' title='bbox 1195 851 1238 890; x_wconf 89' lang='lat' dir='ltr'>in</span> <span class='ocrx_word' id='word_1_86' title='bbox 1258 850 1482 905; x_wconf 85' lang='lat' dir='ltr'>praesentia.</span> 
     </span>
    </p>

    <p class='ocr_par' dir='ltr' id='par_1_10' title="bbox 158 917 1618 1032">
     <span class='ocr_line' id='line_1_12' title="bbox 158 917 1617 971; baseline 0.001 -15"><span class='ocrx_word' id='word_1_87' title='bbox 158 919 224 957; x_wconf 76' lang='lat' dir='ltr'>Sr.</span> <span class='ocrx_word' id='word_1_88' title='bbox 265 919 367 970; x_wconf 90' lang='lat' dir='ltr'>Age,</span> <span class='ocrx_word' id='word_1_89' title='bbox 389 917 482 956; x_wconf 91' lang='lat' dir='ltr'>novi</span> <span class='ocrx_word' id='word_1_90' title='bbox 501 923 614 957; x_wconf 90' lang='lat' dir='ltr'>tuum</span> <span class='ocrx_word' id='word_1_91' title='bbox 633 917 812 957; x_wconf 87' lang='lat' dir='ltr'>animum</span> <span class='ocrx_word' id='word_1_92' title='bbox 830 932 838 956; x_wconf 76' lang='grc' dir='ltr'>ε</span> <span class='ocrx_word' id='word_1_93' title='bbox 870 918 981 970; x_wconf 85' lang='lat' dir='ltr'>quasi</span> <span class='ocrx_word' id='word_1_94' title='bbox 994 918 1080 971; x_wconf 67' lang='grc' dir='ltr'>ι13111</span> <span class='ocrx_word' id='word_1_95' title='bbox 1102 932 1271 971; x_wconf 85' lang='lat' dir='ltr'>usquam</span> <span class='ocrx_word' id='word_1_96' title='bbox 1290 918 1361 958; x_wconf 88' lang='lat' dir='ltr'>tibi</span> <span class='ocrx_word' id='word_1_97' title='bbox 1380 918 1460 958; x_wconf 83' lang='lat' dir='ltr'>sint</span> <span class='ocrx_word' id='word_1_98' title='bbox 1478 918 1617 970; x_wconf 84' lang='lat' dir='ltr'>viginti</span> 
     </span>
     <span class='ocr_line' id='line_1_13' title="bbox 319 984 1618 1032; baseline 0.001 -9"><span class='ocrx_word' id='word_1_99' title='bbox 319 984 451 1032; x_wconf 87' lang='lat' dir='ltr'>minae,</span> <span class='ocrx_word' id='word_1_100' title='bbox 1569 986 1618 1024; x_wconf 81' lang='lat'>15</span> 
     </span>
    </p>
   </div>
   <div class='ocr_carea' id='block_1_3' title="bbox 158 1051 1642 1157">
    <p class='ocr_par' dir='ltr' id='par_1_11' title="bbox 158 1051 1642 1157">
     <span class='ocr_line' id='line_1_14' title="bbox 158 1051 1642 1108; baseline 0 -18"><span class='ocrx_word' id='word_1_101' title='bbox 158 1051 379 1108; x_wconf 77' lang='grc' dir='ltr'><strong>Β11111111110</strong></span> <span class='ocrx_word' id='word_1_102' title='bbox 399 1051 637 1104; x_wconf 82' lang='lat' dir='ltr'>obsequare:</span> <span class='ocrx_word' id='word_1_103' title='bbox 667 1057 860 1104; x_wconf 88' lang='lat' dir='ltr'>praeterea</span> <span class='ocrx_word' id='word_1_104' title='bbox 873 1057 1007 1091; x_wconf 78' lang='lat' dir='ltr'>autem</span> <span class='ocrx_word' id='word_1_105' title='bbox 1026 1057 1064 1092; x_wconf 88' lang='lat' dir='ltr'>te</span> <span class='ocrx_word' id='word_1_106' title='bbox 1083 1052 1195 1092; x_wconf 86' lang='lat' dir='ltr'>aiunt</span> <span class='ocrx_word' id='word_1_107' title='bbox 1212 1051 1407 1105; x_wconf 88' lang='lat' dir='ltr'>proficisci</span> <span class='ocrx_word' id='word_1_108' title='bbox 1428 1051 1617 1105; x_wconf 86' lang='lat' dir='ltr'>Cyprum.</span> <span class='ocrx_word' id='word_1_109' title='bbox 1639 1058 1642 1060; x_wconf 75' lang='grc'>’</span> 
     </span>
     <span class='ocr_line' id='line_1_15' title="bbox 321 1118 559 1157; baseline -0.004 0"><span class='ocrx_word' id='word_1_110' title='bbox 321 1119 387 1157; x_wconf 63' lang='lat' dir='ltr'>SA.</span> <span class='ocrx_word' id='word_1_111' title='bbox 428 1118 559 1157; x_wconf 88' lang='lat' dir='ltr'>Hem!</span> 
     </span>
    </p>
   </div>
   <div class='ocr_carea' id='block_1_4' title="bbox 159 1181 1670 2894">
    <p class='ocr_par' dir='ltr' id='par_1_12' title="bbox 159 1181 1592 1289">
     <span class='ocr_line' id='line_1_16' title="bbox 159 1181 1592 1235; baseline 0 -12"><span class='ocrx_word' id='word_1_112' title='bbox 159 1185 226 1223; x_wconf 75' lang='lat' dir='ltr'>SY.</span> <span class='ocrx_word' id='word_1_113' title='bbox 249 1183 446 1223; x_wconf 63' lang='lat' dir='ltr'>coemisse</span> <span class='ocrx_word' id='word_1_114' title='bbox 467 1182 572 1230; x_wconf 88' lang='lat' dir='ltr'>hinc,</span> <span class='ocrx_word' id='word_1_115' title='bbox 595 1195 684 1235; x_wconf 89' lang='lat' dir='ltr'>quae</span> <span class='ocrx_word' id='word_1_116' title='bbox 703 1181 796 1221; x_wconf 90' lang='lat' dir='ltr'>illuc</span> <span class='ocrx_word' id='word_1_117' title='bbox 817 1182 990 1231; x_wconf 83' lang='lat' dir='ltr'>veheres,</span> <span class='ocrx_word' id='word_1_118' title='bbox 1012 1182 1158 1232; x_wconf 82' lang='lat' dir='ltr'>multa;</span> <span class='ocrx_word' id='word_1_119' title='bbox 1189 1196 1334 1222; x_wconf 87' lang='lat' dir='ltr'>navem</span> <span class='ocrx_word' id='word_1_120' title='bbox 1354 1182 1592 1223; x_wconf 76' lang='lat' dir='ltr'>conductam</span> 
     </span>
     <span class='ocr_line' id='line_1_17' title="bbox 319 1250 494 1289; baseline 0 0"><span class='ocrx_word' id='word_1_121' title='bbox 319 1250 394 1289; x_wconf 88' lang='lat' dir='ltr'>hoc</span> <span class='ocrx_word' id='word_1_122' title='bbox 414 1250 494 1289; x_wconf 87' lang='lat' dir='ltr'>scio</span> 
     </span>
    </p>

    <p class='ocr_par' dir='ltr' id='par_1_13' title="bbox 160 1315 1565 1370">
     <span class='ocr_line' id='line_1_18' title="bbox 160 1315 1565 1370; baseline -0.001 -12"><span class='ocrx_word' id='word_1_123' title='bbox 160 1319 331 1357; x_wconf 88' lang='lat' dir='ltr'>Animus</span> <span class='ocrx_word' id='word_1_124' title='bbox 351 1317 422 1356; x_wconf 88' lang='lat' dir='ltr'>tibi</span> <span class='ocrx_word' id='word_1_125' title='bbox 440 1317 588 1369; x_wconf 89' lang='lat' dir='ltr'>pendet</span> <span class='ocrx_word' id='word_1_126' title='bbox 604 1330 613 1355; x_wconf 91' lang='lat'>:</span> <span class='ocrx_word' id='word_1_127' title='bbox 643 1316 711 1355; x_wconf 91' lang='lat' dir='ltr'>ubi</span> <span class='ocrx_word' id='word_1_128' title='bbox 729 1315 849 1364; x_wconf 85' lang='lat' dir='ltr'>illinc,</span> <span class='ocrx_word' id='word_1_129' title='bbox 871 1330 996 1369; x_wconf 87' lang='lat' dir='ltr'>spero,</span> <span class='ocrx_word' id='word_1_130' title='bbox 1017 1315 1178 1356; x_wconf 86' lang='lat' dir='ltr'>redieris</span> <span class='ocrx_word' id='word_1_131' title='bbox 1198 1322 1343 1366; x_wconf 85' lang='lat' dir='ltr'>tamen,</span> <span class='ocrx_word' id='word_1_132' title='bbox 1363 1317 1440 1357; x_wconf 92' lang='lat' dir='ltr'>hoc</span> <span class='ocrx_word' id='word_1_133' title='bbox 1459 1331 1565 1370; x_wconf 79' lang='lat' dir='ltr'>ages.</span> 
     </span>
    </p>

    <p class='ocr_par' dir='ltr' id='par_1_14' title="bbox 161 1382 1670 1494">
     <span class='ocr_line' id='line_1_19' title="bbox 161 1382 1659 1438; baseline -0.001 -14"><span class='ocrx_word' id='word_1_134' title='bbox 161 1386 227 1424; x_wconf 79' lang='lat' dir='ltr'>SA.</span> <span class='ocrx_word' id='word_1_135' title='bbox 267 1385 475 1437; x_wconf 89' lang='lat' dir='ltr'>Nusquam</span> <span class='ocrx_word' id='word_1_136' title='bbox 495 1383 637 1436; x_wconf 90' lang='lat' dir='ltr'>pedem</span> <span class='ocrx_word' id='word_1_137' title='bbox 653 1397 662 1422; x_wconf 76' lang='grc' dir='ltr'><strong><em>ε</em></strong></span> <span class='ocrx_word' id='word_1_138' title='bbox 692 1383 791 1436; x_wconf 84' lang='lat' dir='ltr'>perii</span> <span class='ocrx_word' id='word_1_139' title='bbox 810 1382 941 1422; x_wconf 82' lang='lat' dir='ltr'>hercle</span> <span class='ocrx_word' id='word_1_140' title='bbox 960 1397 968 1422; x_wconf 74' lang='grc' dir='ltr'><strong><em>ε</em></strong></span> <span class='ocrx_word' id='word_1_141' title='bbox 1008 1382 1082 1422; x_wconf 83' lang='grc'><strong>1130</strong></span> <span class='ocrx_word' id='word_1_142' title='bbox 1101 1383 1159 1422; x_wconf 88' lang='grc'><strong>1111</strong></span> <span class='ocrx_word' id='word_1_143' title='bbox 1177 1398 1245 1437; x_wconf 90' lang='lat' dir='ltr'>spe</span> <span class='ocrx_word' id='word_1_144' title='bbox 1264 1383 1339 1424; x_wconf 86' lang='lat' dir='ltr'>hoc</span> <span class='ocrx_word' id='word_1_145' title='bbox 1358 1384 1618 1438; x_wconf 87' lang='lat' dir='ltr'>inceperunt!</span> <span class='ocrx_word' id='word_1_146' title='bbox 1653 1425 1659 1428; x_wconf 65' lang='grc'><strong>,</strong></span> 
     </span>
     <span class='ocr_line' id='line_1_20' title="bbox 324 1450 1670 1494; baseline -0.002 -4"><span class='ocrx_word' id='word_1_147' title='bbox 324 1452 390 1490; x_wconf 73' lang='lat' dir='ltr'>Sv.</span> <span class='ocrx_word' id='word_1_148' title='bbox 430 1450 588 1490; x_wconf 85' lang='lat' dir='ltr'>Timet:</span> <span class='ocrx_word' id='word_1_149' title='bbox 1667 1491 1670 1494; x_wconf 16' lang='grc' dir='ltr'><strong><em>Δ</em></strong></span> 
     </span>
    </p>

    <p class='ocr_par' dir='ltr' id='par_1_15' title="bbox 162 1515 1670 1572">
     <span class='ocr_line' id='line_1_21' title="bbox 162 1515 1670 1572; baseline 0 -14"><span class='ocrx_word' id='word_1_150' title='bbox 162 1518 289 1572; x_wconf 88' lang='lat' dir='ltr'>Injeci</span> <span class='ocrx_word' id='word_1_151' title='bbox 308 1517 536 1570; x_wconf 90' lang='lat' dir='ltr'>scrupulum</span> <span class='ocrx_word' id='word_1_152' title='bbox 554 1515 719 1555; x_wconf 88' lang='lat' dir='ltr'>homini.</span> <span class='ocrx_word' id='word_1_153' title='bbox 804 1516 870 1554; x_wconf 83' lang='lat' dir='ltr'>SA.</span> <span class='ocrx_word' id='word_1_154' title='bbox 912 1517 947 1555; x_wconf 95' lang='grc' dir='ltr'><strong>Ο</strong></span> <span class='ocrx_word' id='word_1_155' title='bbox 968 1516 1138 1556; x_wconf 84' lang='lat' dir='ltr'>seelera:</span> <span class='ocrx_word' id='word_1_156' title='bbox 1167 1516 1266 1558; x_wconf 90' lang='lat' dir='ltr'>illud</span> <span class='ocrx_word' id='word_1_157' title='bbox 1283 1517 1386 1566; x_wconf 89' lang='lat' dir='ltr'>vide,</span> <span class='ocrx_word' id='word_1_158' title='bbox 1569 1520 1621 1558; x_wconf 88' lang='grc'>20</span> <span class='ocrx_word' id='word_1_159' title='bbox 1655 1519 1670 1529; x_wconf 82' lang='grc'>”</span> 
     </span>
    </p>

    <p class='ocr_par' dir='ltr' id='par_1_16' title="bbox 165 1581 1153 1638">
     <span class='ocr_line' id='line_1_22' title="bbox 165 1581 1153 1638; baseline -0.001 -15"><span class='ocrx_word' id='word_1_160' title='bbox 165 1585 217 1623; x_wconf 89' lang='lat' dir='ltr'>Ut</span> <span class='ocrx_word' id='word_1_161' title='bbox 234 1585 276 1625; x_wconf 92' lang='lat' dir='ltr'>in</span> <span class='ocrx_word' id='word_1_162' title='bbox 296 1584 381 1638; x_wconf 90' lang='lat' dir='ltr'>ipso</span> <span class='ocrx_word' id='word_1_163' title='bbox 401 1582 564 1622; x_wconf 85' lang='lat' dir='ltr'>articulo</span> <span class='ocrx_word' id='word_1_164' title='bbox 583 1582 776 1635; x_wconf 86' lang='lat' dir='ltr'>oppressit</span> <span class='ocrx_word' id='word_1_165' title='bbox 792 1595 801 1621; x_wconf 91' lang='lat'>:</span> <span class='ocrx_word' id='word_1_166' title='bbox 832 1587 949 1621; x_wconf 85' lang='lat' dir='ltr'>emtae</span> <span class='ocrx_word' id='word_1_167' title='bbox 968 1581 1153 1622; x_wconf 85' lang='lat' dir='ltr'>mulieres</span> 
     </span>
    </p>

    <p class='ocr_par' dir='ltr' id='par_1_17' title="bbox 162 1647 1256 1702">
     <span class='ocr_line' id='line_1_23' title="bbox 162 1647 1256 1702; baseline -0.001 -13"><span class='ocrx_word' id='word_1_168' title='bbox 162 1650 406 1702; x_wconf 88' lang='lat' dir='ltr'>Complures,</span> <span class='ocrx_word' id='word_1_169' title='bbox 429 1654 468 1687; x_wconf 88' lang='lat' dir='ltr'>et</span> <span class='ocrx_word' id='word_1_170' title='bbox 486 1649 583 1687; x_wconf 89' lang='lat' dir='ltr'>item</span> <span class='ocrx_word' id='word_1_171' title='bbox 602 1647 696 1687; x_wconf 90' lang='lat' dir='ltr'>hinc</span> <span class='ocrx_word' id='word_1_172' title='bbox 716 1647 804 1695; x_wconf 89' lang='lat' dir='ltr'>alia,</span> <span class='ocrx_word' id='word_1_173' title='bbox 826 1661 915 1700; x_wconf 90' lang='lat' dir='ltr'>quae</span> <span class='ocrx_word' id='word_1_174' title='bbox 934 1653 1048 1700; x_wconf 90' lang='lat' dir='ltr'>porto</span> <span class='ocrx_word' id='word_1_175' title='bbox 1069 1648 1256 1701; x_wconf 88' lang='lat' dir='ltr'>Cyprum.</span> 
     </span>
    </p>

    <p class='ocr_par' dir='ltr' id='par_1_18' title="bbox 163 1712 1325 1761">
     <span class='ocr_line' id='line_1_24' title="bbox 163 1712 1325 1761; baseline -0.001 -6"><span class='ocrx_word' id='word_1_176' title='bbox 163 1716 251 1755; x_wconf 89' lang='lat' dir='ltr'>Nisi</span> <span class='ocrx_word' id='word_1_177' title='bbox 270 1729 317 1754; x_wconf 95' lang='lat' dir='ltr'>eo</span> <span class='ocrx_word' id='word_1_178' title='bbox 337 1715 387 1754; x_wconf 84' lang='lat' dir='ltr'>ad</span> <span class='ocrx_word' id='word_1_179' title='bbox 402 1719 622 1753; x_wconf 87' lang='lat' dir='ltr'>mercatum</span> <span class='ocrx_word' id='word_1_180' title='bbox 641 1712 769 1761; x_wconf 92' lang='lat' dir='ltr'>venio,</span> <span class='ocrx_word' id='word_1_181' title='bbox 791 1713 983 1752; x_wconf 91' lang='lat' dir='ltr'>damnum</span> <span class='ocrx_word' id='word_1_182' title='bbox 1003 1719 1061 1752; x_wconf 89' lang='lat' dir='ltr'>est</span> <span class='ocrx_word' id='word_1_183' title='bbox 1079 1727 1325 1754; x_wconf 87' lang='lat' dir='ltr'>maxumum.</span> 
     </span>
    </p>

    <p class='ocr_par' dir='ltr' id='par_1_19' title="bbox 165 1779 1667 1833">
     <span class='ocr_line' id='line_1_25' title="bbox 165 1779 1667 1833; baseline -0.001 -12"><span class='ocrx_word' id='word_1_184' title='bbox 165 1782 282 1821; x_wconf 90' lang='lat' dir='ltr'>Nunc</span> <span class='ocrx_word' id='word_1_185' title='bbox 302 1781 335 1820; x_wconf 89' lang='lat' dir='ltr'>si</span> <span class='ocrx_word' id='word_1_186' title='bbox 353 1780 428 1819; x_wconf 92' lang='lat' dir='ltr'>hoc</span> <span class='ocrx_word' id='word_1_187' title='bbox 449 1780 640 1827; x_wconf 86' lang='lat' dir='ltr'>omittam,</span> <span class='ocrx_word' id='word_1_188' title='bbox 662 1793 708 1819; x_wconf 85' lang='lat' dir='ltr'>ac</span> <span class='ocrx_word' id='word_1_189' title='bbox 728 1785 813 1818; x_wconf 91' lang='lat' dir='ltr'>tum</span> <span class='ocrx_word' id='word_1_190' title='bbox 834 1792 962 1831; x_wconf 84' lang='lat' dir='ltr'>agam,</span> <span class='ocrx_word' id='word_1_191' title='bbox 983 1779 1051 1818; x_wconf 92' lang='lat' dir='ltr'>ubi</span> <span class='ocrx_word' id='word_1_192' title='bbox 1070 1779 1178 1819; x_wconf 88' lang='lat' dir='ltr'>illinc</span> <span class='ocrx_word' id='word_1_193' title='bbox 1197 1780 1376 1830; x_wconf 74' lang='lat' dir='ltr'>rediero3</span> <span class='ocrx_word' id='word_1_194' title='bbox 1665 1828 1667 1833; x_wconf 64' lang='lat'>,</span> 
     </span>
    </p>

    <p class='ocr_par' dir='ltr' id='par_1_20' title="bbox 164 1846 1670 1901">
     <span class='ocr_line' id='line_1_26' title="bbox 164 1846 1670 1901; baseline -0.001 -14"><span class='ocrx_word' id='word_1_195' title='bbox 164 1847 275 1887; x_wconf 90' lang='lat' dir='ltr'>Nihil</span> <span class='ocrx_word' id='word_1_196' title='bbox 294 1853 353 1886; x_wconf 87' lang='lat' dir='ltr'>est</span> <span class='ocrx_word' id='word_1_197' title='bbox 369 1861 377 1885; x_wconf 72' lang='grc' dir='ltr'>ε</span> <span class='ocrx_word' id='word_1_198' title='bbox 408 1846 607 1885; x_wconf 79' lang='lat' dir='ltr'>refrixerit</span> <span class='ocrx_word' id='word_1_199' title='bbox 625 1859 707 1894; x_wconf 90' lang='lat' dir='ltr'>res;</span> <span class='ocrx_word' id='word_1_200' title='bbox 738 1858 845 1884; x_wconf 90' lang='lat' dir='ltr'>nune</span> <span class='ocrx_word' id='word_1_201' title='bbox 865 1846 1028 1885; x_wconf 90' lang='lat' dir='ltr'>demum</span> <span class='ocrx_word' id='word_1_202' title='bbox 1047 1847 1187 1886; x_wconf 74' lang='lat' dir='ltr'>venis?</span> <span class='ocrx_word' id='word_1_203' title='bbox 1571 1851 1622 1891; x_wconf 80' lang='grc'>25</span> <span class='ocrx_word' id='word_1_204' title='bbox 1651 1854 1670 1901; x_wconf 56' lang='grc' dir='ltr'>’ᾗ</span> 
     </span>
    </p>

    <p class='ocr_par' dir='ltr' id='par_1_21' title="bbox 164 1910 1135 1966">
     <span class='ocr_line' id='line_1_27' title="bbox 164 1910 1135 1966; baseline -0.002 -13"><span class='ocrx_word' id='word_1_205' title='bbox 164 1915 244 1953; x_wconf 91' lang='lat' dir='ltr'>Cur</span> <span class='ocrx_word' id='word_1_206' title='bbox 261 1913 429 1966; x_wconf 78' lang='lat' dir='ltr'>passus?</span> <span class='ocrx_word' id='word_1_207' title='bbox 457 1911 525 1950; x_wconf 91' lang='lat' dir='ltr'>ubi</span> <span class='ocrx_word' id='word_1_208' title='bbox 545 1911 661 1950; x_wconf 80' lang='lat' dir='ltr'>eras?</span> <span class='ocrx_word' id='word_1_209' title='bbox 688 1916 733 1949; x_wconf 92' lang='lat' dir='ltr'>ut</span> <span class='ocrx_word' id='word_1_210' title='bbox 751 1910 801 1949; x_wconf 84' lang='lat' dir='ltr'>sit</span> <span class='ocrx_word' id='word_1_211' title='bbox 820 1911 940 1950; x_wconf 87' lang='lat' dir='ltr'>satius</span> <span class='ocrx_word' id='word_1_212' title='bbox 959 1912 1135 1964; x_wconf 86' lang='lat' dir='ltr'>perdere,</span> 
     </span>
    </p>

    <p class='ocr_par' dir='ltr' id='par_1_22' title="bbox 164 1977 1239 2032">
     <span class='ocr_line' id='line_1_28' title="bbox 164 1977 1239 2032; baseline -0.001 -12"><span class='ocrx_word' id='word_1_213' title='bbox 164 1983 296 2025; x_wconf 85' lang='lat' dir='ltr'>Quam</span> <span class='ocrx_word' id='word_1_214' title='bbox 316 1985 384 2019; x_wconf 90' lang='lat' dir='ltr'>aut</span> <span class='ocrx_word' id='word_1_215' title='bbox 401 1979 467 2017; x_wconf 90' lang='lat' dir='ltr'>hic</span> <span class='ocrx_word' id='word_1_216' title='bbox 486 1991 646 2017; x_wconf 88' lang='lat' dir='ltr'>manere</span> <span class='ocrx_word' id='word_1_217' title='bbox 667 1977 830 2025; x_wconf 88' lang='lat' dir='ltr'>tamdiu,</span> <span class='ocrx_word' id='word_1_218' title='bbox 852 1983 920 2016; x_wconf 87' lang='lat' dir='ltr'>aut</span> <span class='ocrx_word' id='word_1_219' title='bbox 939 1984 1024 2017; x_wconf 90' lang='lat' dir='ltr'>tum</span> <span class='ocrx_word' id='word_1_220' title='bbox 1043 1980 1239 2032; x_wconf 88' lang='lat' dir='ltr'>persequi.</span> 
     </span>
    </p>

    <p class='ocr_par' dir='ltr' id='par_1_23' title="bbox 166 2043 1408 2099">
     <span class='ocr_line' id='line_1_29' title="bbox 166 2043 1408 2099; baseline 0.002 -14"><span class='ocrx_word' id='word_1_221' title='bbox 166 2048 231 2085; x_wconf 78' lang='lat' dir='ltr'>SY.</span> <span class='ocrx_word' id='word_1_222' title='bbox 273 2047 298 2085; x_wconf 90' lang='lat' dir='ltr'><strong>J</strong></span> <span class='ocrx_word' id='word_1_223' title='bbox 301 2059 417 2085; x_wconf 87' lang='lat' dir='ltr'>amne</span> <span class='ocrx_word' id='word_1_224' title='bbox 439 2043 679 2084; x_wconf 85' lang='lat' dir='ltr'>enumerasti</span> <span class='ocrx_word' id='word_1_225' title='bbox 699 2044 750 2091; x_wconf 91' lang='lat' dir='ltr'>id,</span> <span class='ocrx_word' id='word_1_226' title='bbox 773 2044 880 2096; x_wconf 92' lang='lat' dir='ltr'>quod</span> <span class='ocrx_word' id='word_1_227' title='bbox 898 2044 949 2083; x_wconf 88' lang='lat' dir='ltr'>ad</span> <span class='ocrx_word' id='word_1_228' title='bbox 967 2050 1005 2083; x_wconf 91' lang='lat' dir='ltr'>te</span> <span class='ocrx_word' id='word_1_229' title='bbox 1026 2045 1244 2085; x_wconf 87' lang='lat' dir='ltr'>rediturum</span> <span class='ocrx_word' id='word_1_230' title='bbox 1262 2047 1408 2099; x_wconf 74' lang='lat' dir='ltr'>putes?</span> 
     </span>
    </p>

    <p class='ocr_par' dir='ltr' id='par_1_24' title="bbox 166 2110 1502 2164">
     <span class='ocr_line' id='line_1_30' title="bbox 166 2110 1502 2164; baseline 0.001 -11"><span class='ocrx_word' id='word_1_231' title='bbox 166 2116 231 2153; x_wconf 77' lang='lat' dir='ltr'>SA.</span> <span class='ocrx_word' id='word_1_232' title='bbox 274 2112 453 2152; x_wconf 87' lang='lat' dir='ltr'>Hoccine</span> <span class='ocrx_word' id='word_1_233' title='bbox 475 2111 541 2150; x_wconf 91' lang='lat' dir='ltr'>illo</span> <span class='ocrx_word' id='word_1_234' title='bbox 562 2111 804 2163; x_wconf 83' lang='lat' dir='ltr'>diguum’st?</span> <span class='ocrx_word' id='word_1_235' title='bbox 830 2110 995 2150; x_wconf 90' lang='lat' dir='ltr'>hoccine</span> <span class='ocrx_word' id='word_1_236' title='bbox 1016 2111 1217 2164; x_wconf 85' lang='lat' dir='ltr'>inceptare</span> <span class='ocrx_word' id='word_1_237' title='bbox 1236 2113 1502 2154; x_wconf 76' lang='lat' dir='ltr'>AEschinum?</span> 
     </span>
    </p>

    <p class='ocr_par' dir='ltr' id='par_1_25' title="bbox 167 2177 1626 2232">
     <span class='ocr_line' id='line_1_31' title="bbox 167 2177 1626 2232; baseline -0.001 -12"><span class='ocrx_word' id='word_1_238' title='bbox 167 2182 243 2220; x_wconf 91' lang='lat' dir='ltr'>Per</span> <span class='ocrx_word' id='word_1_239' title='bbox 261 2179 556 2232; x_wconf 87' lang='lat' dir='ltr'>oppressionem</span> <span class='ocrx_word' id='word_1_240' title='bbox 574 2184 620 2217; x_wconf 88' lang='lat' dir='ltr'>ut</span> <span class='ocrx_word' id='word_1_241' title='bbox 636 2178 740 2216; x_wconf 86' lang='lat' dir='ltr'>hanc</span> <span class='ocrx_word' id='word_1_242' title='bbox 760 2177 816 2216; x_wconf 92' lang='lat' dir='ltr'>mi</span> <span class='ocrx_word' id='word_1_243' title='bbox 836 2177 985 2230; x_wconf 91' lang='lat' dir='ltr'>eripere</span> <span class='ocrx_word' id='word_1_244' title='bbox 1005 2177 1204 2230; x_wconf 78' lang='lat' dir='ltr'>postulet?</span> <span class='ocrx_word' id='word_1_245' title='bbox 1571 2184 1626 2223; x_wconf 88' lang='grc'>30</span> 
     </span>
    </p>

    <p class='ocr_par' dir='ltr' id='par_1_26' title="bbox 168 2243 1376 2300">
     <span class='ocr_line' id='line_1_32' title="bbox 168 2243 1376 2300; baseline 0.002 -14"><span class='ocrx_word' id='word_1_246' title='bbox 168 2249 234 2286; x_wconf 80' lang='lat' dir='ltr'>SY.</span> <span class='ocrx_word' id='word_1_247' title='bbox 276 2246 484 2285; x_wconf 85' lang='lat' dir='ltr'>Labascit:</span> <span class='ocrx_word' id='word_1_248' title='bbox 514 2258 640 2283; x_wconf 91' lang='lat' dir='ltr'>unum</span> <span class='ocrx_word' id='word_1_249' title='bbox 658 2244 733 2283; x_wconf 93' lang='grc'><strong>1100</strong></span> <span class='ocrx_word' id='word_1_250' title='bbox 752 2243 878 2282; x_wconf 87' lang='lat' dir='ltr'>habeo</span> <span class='ocrx_word' id='word_1_251' title='bbox 896 2258 904 2282; x_wconf 93' lang='lat'>:</span> <span class='ocrx_word' id='word_1_252' title='bbox 936 2245 1036 2293; x_wconf 92' lang='lat' dir='ltr'>vide,</span> <span class='ocrx_word' id='word_1_253' title='bbox 1059 2245 1091 2284; x_wconf 87' lang='lat' dir='ltr'>si</span> <span class='ocrx_word' id='word_1_254' title='bbox 1111 2246 1203 2285; x_wconf 88' lang='lat' dir='ltr'>satis</span> <span class='ocrx_word' id='word_1_255' title='bbox 1222 2247 1376 2300; x_wconf 83' lang='lat' dir='ltr'>placet;</span> 
     </span>
    </p>

    <p class='ocr_par' dir='ltr' id='par_1_27' title="bbox 168 2310 1063 2366">
     <span class='ocr_line' id='line_1_33' title="bbox 168 2310 1063 2366; baseline -0.003 -13"><span class='ocrx_word' id='word_1_256' title='bbox 168 2314 302 2354; x_wconf 92' lang='lat' dir='ltr'>Potius</span> <span class='ocrx_word' id='word_1_257' title='bbox 322 2327 442 2366; x_wconf 87' lang='lat' dir='ltr'>quam</span> <span class='ocrx_word' id='word_1_258' title='bbox 462 2311 597 2350; x_wconf 85' lang='lat' dir='ltr'>venias</span> <span class='ocrx_word' id='word_1_259' title='bbox 616 2311 657 2350; x_wconf 89' lang='lat' dir='ltr'>in</span> <span class='ocrx_word' id='word_1_260' title='bbox 676 2310 879 2364; x_wconf 84' lang='lat' dir='ltr'>periclum,</span> <span class='ocrx_word' id='word_1_261' title='bbox 904 2311 1063 2360; x_wconf 87' lang='lat' dir='ltr'>Sannio,</span> 
     </span>
    </p>

    <p class='ocr_par' dir='ltr' id='par_1_28' title="bbox 169 2378 1094 2432">
     <span class='ocr_line' id='line_1_34' title="bbox 169 2378 1094 2432; baseline -0.002 -12"><span class='ocrx_word' id='word_1_262' title='bbox 169 2384 359 2420; x_wconf 87' lang='lat' dir='ltr'>Servesne</span> <span class='ocrx_word' id='word_1_263' title='bbox 381 2394 432 2419; x_wconf 88' lang='grc'>311</span> <span class='ocrx_word' id='word_1_264' title='bbox 452 2379 593 2432; x_wconf 84' lang='lat' dir='ltr'>perdas</span> <span class='ocrx_word' id='word_1_265' title='bbox 612 2384 750 2426; x_wconf 88' lang='lat' dir='ltr'>totum,</span> <span class='ocrx_word' id='word_1_266' title='bbox 772 2378 976 2417; x_wconf 90' lang='lat' dir='ltr'>dividuum</span> <span class='ocrx_word' id='word_1_267' title='bbox 996 2379 1094 2418; x_wconf 85' lang='lat' dir='ltr'>face.</span> 
     </span>
    </p>

    <p class='ocr_par' dir='ltr' id='par_1_29' title="bbox 170 2443 1290 2487">
     <span class='ocr_line' id='line_1_35' title="bbox 170 2443 1290 2487; baseline 0.001 -1"><span class='ocrx_word' id='word_1_268' title='bbox 170 2447 303 2486; x_wconf 87' lang='lat' dir='ltr'>Minas</span> <span class='ocrx_word' id='word_1_269' title='bbox 322 2446 461 2485; x_wconf 87' lang='lat' dir='ltr'>decem</span> <span class='ocrx_word' id='word_1_270' title='bbox 481 2445 660 2484; x_wconf 85' lang='lat' dir='ltr'>corradet</span> <span class='ocrx_word' id='word_1_271' title='bbox 678 2443 871 2483; x_wconf 86' lang='lat' dir='ltr'>alicunde.</span> <span class='ocrx_word' id='word_1_272' title='bbox 958 2445 1024 2483; x_wconf 74' lang='lat' dir='ltr'>SA.</span> <span class='ocrx_word' id='word_1_273' title='bbox 1065 2445 1147 2485; x_wconf 92' lang='lat' dir='ltr'>Hei</span> <span class='ocrx_word' id='word_1_274' title='bbox 1165 2446 1290 2487; x_wconf 86' lang='lat' dir='ltr'>mihi!</span> 
     </span>
    </p>

    <p class='ocr_par' dir='ltr' id='par_1_30' title="bbox 170 2509 1670 2562">
     <span class='ocr_line' id='line_1_36' title="bbox 170 2509 1627 2556; baseline -0.003 -4"><span class='ocrx_word' id='word_1_275' title='bbox 170 2513 301 2552; x_wconf 88' lang='lat' dir='ltr'>Etiam</span> <span class='ocrx_word' id='word_1_276' title='bbox 321 2513 369 2551; x_wconf 91' lang='lat' dir='ltr'>de</span> <span class='ocrx_word' id='word_1_277' title='bbox 390 2517 491 2550; x_wconf 89' lang='lat' dir='ltr'>sorte</span> <span class='ocrx_word' id='word_1_278' title='bbox 511 2524 617 2549; x_wconf 91' lang='lat' dir='ltr'>nunc</span> <span class='ocrx_word' id='word_1_279' title='bbox 637 2510 752 2549; x_wconf 90' lang='lat' dir='ltr'>venio</span> <span class='ocrx_word' id='word_1_280' title='bbox 772 2510 813 2548; x_wconf 93' lang='lat' dir='ltr'>in</span> <span class='ocrx_word' id='word_1_281' title='bbox 833 2509 996 2549; x_wconf 89' lang='lat' dir='ltr'>dubium</span> <span class='ocrx_word' id='word_1_282' title='bbox 1016 2511 1161 2552; x_wconf 77' lang='lat' dir='ltr'>miser?</span> <span class='ocrx_word' id='word_1_283' title='bbox 1573 2520 1627 2556; x_wconf 52' lang='lat'>315</span> 
     </span>
    </p>

    <p class='ocr_par' dir='ltr' id='par_1_31' title="bbox 171 2565 1654 2617">
     <span class='ocr_line' id='line_1_37' title="bbox 171 2565 1654 2617; baseline 0 0"><span class='ocrx_word' id='word_1_284' title='bbox 171 2578 298 2617; x_wconf 87' lang='lat' dir='ltr'>Pudet</span> <span class='ocrx_word' id='word_1_285' title='bbox 316 2577 445 2617; x_wconf 72' lang='lat' dir='ltr'>nihil?</span> <span class='ocrx_word' id='word_1_286' title='bbox 473 2590 611 2616; x_wconf 87' lang='lat' dir='ltr'>omnes</span> <span class='ocrx_word' id='word_1_287' title='bbox 630 2576 766 2616; x_wconf 90' lang='lat' dir='ltr'>dentes</span> <span class='ocrx_word' id='word_1_288' title='bbox 785 2575 967 2615; x_wconf 85' lang='lat' dir='ltr'>labefecit</span> <span class='ocrx_word' id='word_1_289' title='bbox 986 2577 1084 2616; x_wconf 88' lang='lat' dir='ltr'>mihi</span> <span class='ocrx_word' id='word_1_290' title='bbox 1100 2592 1109 2617; x_wconf 90' lang='lat'>:</span> <span class='ocrx_word' id='word_1_291' title='bbox 1644 2565 1654 2574; x_wconf 10' lang='lat' dir='ltr'>*A</span> 
     </span>
    </p>

    <p class='ocr_par' dir='ltr' id='par_1_32' title="bbox 170 2642 1076 2695">
     <span class='ocr_line' id='line_1_38' title="bbox 170 2642 1076 2695; baseline -0.003 -11"><span class='ocrx_word' id='word_1_292' title='bbox 170 2646 366 2684; x_wconf 85' lang='lat' dir='ltr'>Praeterea</span> <span class='ocrx_word' id='word_1_293' title='bbox 385 2643 559 2695; x_wconf 87' lang='lat' dir='ltr'>colaphis</span> <span class='ocrx_word' id='word_1_294' title='bbox 578 2642 691 2681; x_wconf 89' lang='lat' dir='ltr'>tuber</span> <span class='ocrx_word' id='word_1_295' title='bbox 710 2646 768 2680; x_wconf 89' lang='lat' dir='ltr'>est</span> <span class='ocrx_word' id='word_1_296' title='bbox 787 2646 911 2680; x_wconf 86' lang='lat' dir='ltr'>totum</span> <span class='ocrx_word' id='word_1_297' title='bbox 932 2648 1076 2694; x_wconf 87' lang='lat' dir='ltr'>caput:</span> 
     </span>
    </p>

    <p class='ocr_par' dir='ltr' id='par_1_33' title="bbox 171 2708 1464 2762">
     <span class='ocr_line' id='line_1_39' title="bbox 171 2708 1464 2762; baseline 0.002 -13"><span class='ocrx_word' id='word_1_298' title='bbox 171 2711 302 2750; x_wconf 88' lang='lat' dir='ltr'>Etiam</span> <span class='ocrx_word' id='word_1_299' title='bbox 322 2710 483 2762; x_wconf 85' lang='lat' dir='ltr'>insuper</span> <span class='ocrx_word' id='word_1_300' title='bbox 502 2708 713 2747; x_wconf 78' lang='lat' dir='ltr'>defrudet?</span> <span class='ocrx_word' id='word_1_301' title='bbox 740 2720 935 2759; x_wconf 82' lang='lat' dir='ltr'>nusquam</span> <span class='ocrx_word' id='word_1_302' title='bbox 956 2708 1065 2747; x_wconf 83' lang='lat' dir='ltr'>abeo.</span> <span class='ocrx_word' id='word_1_303' title='bbox 1150 2710 1217 2749; x_wconf 72' lang='lat' dir='ltr'>Sv.</span> <span class='ocrx_word' id='word_1_304' title='bbox 1257 2710 1313 2750; x_wconf 84' lang='lat' dir='ltr'>Ut</span> <span class='ocrx_word' id='word_1_305' title='bbox 1329 2710 1464 2751; x_wconf 82' lang='lat' dir='ltr'>lubet:</span> 
     </span>
    </p>

    <p class='ocr_par' dir='ltr' id='par_1_34' title="bbox 171 2774 1649 2839">
     <span class='ocr_line' id='line_1_40' title="bbox 171 2774 1649 2839; baseline 0.002 -23"><span class='ocrx_word' id='word_1_306' title='bbox 171 2778 211 2817; x_wconf 92' lang='lat' dir='ltr'>N</span> <span class='ocrx_word' id='word_1_307' title='bbox 215 2776 378 2829; x_wconf 76' lang='lat' dir='ltr'>nmquid</span> <span class='ocrx_word' id='word_1_308' title='bbox 397 2776 467 2824; x_wconf 84' lang='lat' dir='ltr'>vis,</span> <span class='ocrx_word' id='word_1_309' title='bbox 489 2776 585 2828; x_wconf 91' lang='lat' dir='ltr'>quin</span> <span class='ocrx_word' id='word_1_310' title='bbox 605 2774 773 2814; x_wconf 81' lang='lat' dir='ltr'>abeam?</span> <span class='ocrx_word' id='word_1_311' title='bbox 846 2774 912 2812; x_wconf 54' lang='lat' dir='ltr'>Sa.</span> <span class='ocrx_word' id='word_1_312' title='bbox 953 2774 1085 2814; x_wconf 90' lang='lat' dir='ltr'>Immo</span> <span class='ocrx_word' id='word_1_313' title='bbox 1103 2774 1236 2816; x_wconf 86' lang='lat' dir='ltr'>hercle</span> <span class='ocrx_word' id='word_1_314' title='bbox 1253 2775 1329 2817; x_wconf 89' lang='lat' dir='ltr'>hoc</span> <span class='ocrx_word' id='word_1_315' title='bbox 1348 2790 1493 2830; x_wconf 85' lang='lat' dir='ltr'>quaeso,</span> <span class='ocrx_word' id='word_1_316' title='bbox 1516 2779 1624 2832; x_wconf 89' lang='lat' dir='ltr'>Syre,</span> <span class='ocrx_word' id='word_1_317' title='bbox 1630 2813 1649 2839; x_wconf 74' lang='lat'>‘.·</span> 
     </span>
    </p>

    <p class='ocr_par' dir='ltr' id='par_1_35' title="bbox 171 2839 1670 2894">
     <span class='ocr_line' id='line_1_41' title="bbox 171 2839 1670 2894; baseline 0 -12"><span class='ocrx_word' id='word_1_318' title='bbox 171 2843 227 2883; x_wconf 87' lang='lat' dir='ltr'>Ut</span> <span class='ocrx_word' id='word_1_319' title='bbox 245 2848 289 2883; x_wconf 87' lang='lat' dir='ltr'>ut</span> <span class='ocrx_word' id='word_1_320' title='bbox 307 2842 393 2882; x_wconf 83' lang='lat' dir='ltr'>haec</span> <span class='ocrx_word' id='word_1_321' title='bbox 414 2847 505 2881; x_wconf 90' lang='lat' dir='ltr'>sunt</span> <span class='ocrx_word' id='word_1_322' title='bbox 525 2846 623 2889; x_wconf 89' lang='lat' dir='ltr'>acta,</span> <span class='ocrx_word' id='word_1_323' title='bbox 645 2839 774 2894; x_wconf 86' lang='lat' dir='ltr'>potius</span> <span class='ocrx_word' id='word_1_324' title='bbox 794 2852 914 2892; x_wconf 87' lang='lat' dir='ltr'>quam</span> <span class='ocrx_word' id='word_1_325' title='bbox 932 2839 1021 2879; x_wconf 87' lang='lat' dir='ltr'>lites</span> <span class='ocrx_word' id='word_1_326' title='bbox 1040 2854 1193 2894; x_wconf 88' lang='lat' dir='ltr'>sequar,</span> <span class='ocrx_word' id='word_1_327' title='bbox 1573 2845 1626 2882; x_wconf 86' lang='lat'>40</span> <span class='ocrx_word' id='word_1_328' title='bbox 1669 2879 1670 2883; x_wconf 73' lang='grc'><strong>,</strong></span> 
     </span>
    </p>
   </div>
  </div>
 </body>
</html>
