1670 3080
600 491 1071 542 PROLOGUS.

100 716 143 755 S1
164 715 373 769 quisquam
394 721 463 764 est,
486 714 554 769 qui
571 714 728 768 placere
748 728 789 754 se
810 713 968 754 studeat
984 715 1100 757 bonis

98 783 230 827 Quam
249 782 441 836 plurimis,
464 787 505 821 et
522 780 688 821 minime
708 781 855 821 multos
872 781 1030 832 laedere,

98 849 148 889 In
167 848 230 889 his
247 856 366 903 poeta
383 849 448 889 hic
468 862 616 888 nomen
634 848 842 903 profitetur
861 863 990 889 suum.

97 916 201 956 Tum
221 917 253 956 si
273 917 360 970 quis
380 922 450 965 est,
472 916 540 969 qui
560 915 711 956 dictum
729 915 772 956 in
792 930 833 957 se
851 917 1132 958 inclementius

96 983 345 1023 Existimarit
363 997 458 1032 esse,
480 983 534 1022 sic
555 982 778 1023 existimet:

97 1051 361 1105 Responsum,
390 1064 472 1090 non
491 1050 643 1090 dictum
662 1064 759 1099 esse,
782 1050 876 1103 quia
892 1049 996 1090 laesit
1012 1051 1131 1104 prior,

97 1117 176 1162 Qui
193 1118 297 1158 bene
317 1118 520 1166 vertendo,
542 1122 583 1157 et
601 1118 761 1157 easdem
781 1109 989 1158 s'eribendo
1006 1118 1125 1167 male,
1147 1132 1199 1159 ex

97 1185 250 1225 Graecis
267 1185 382 1225 bonis
403 1185 566 1224 Latinas
584 1184 681 1224 fecit
697 1198 780 1224 non
798 1185 924 1225 bonas
941 1199 949 1224 :

96 1252 212 1293 Idem
233 1252 450 1293 Menandri
470 1252 644 1292 Phasma
660 1264 769 1292 nunc
788 1266 917 1307 nuper
936 1253 1046 1293 dedit
1062 1268 1071 1292 ε

96 1319 230 1373 Atque
250 1319 292 1359 in
311 1319 515 1359 Thesauro
534 1318 700 1372 scripsit,
722 1332 883 1358 causam
903 1319 1034 1359 dicere

97 1386 212 1426 Prius
229 1386 336 1426 unde
356 1387 516 1440 petitur,
538 1400 680 1426 aurum
700 1399 821 1438 quare
842 1385 893 1425 sit
911 1400 1039 1435 suum,

97 1453 229 1498 Quam
247 1453 327 1493 illic
347 1453 415 1507 qui
433 1453 543 1506 petit,
563 1453 670 1492 unde
690 1453 724 1492 is
743 1453 794 1492 sit
812 1453 1018 1493 thesaurus
1038 1454 1111 1493 sibi
1127 1469 1136 1502 ;

98 1519 182 1558 Aut
199 1519 306 1559 unde
325 1519 368 1558 in
386 1516 560 1572 patrium
578 1523 886 1558 monumentum
905 1520 1143 1572 pervenerit,

96 1586 266 1635 Dehinc,
287 1600 339 1626 ne
358 1587 567 1626 frustretur
585 1586 669 1639 ipse
688 1599 741 1634 se,
764 1591 833 1625 aut
851 1586 906 1625 sic
927 1587 1085 1639 cogitet,

96 1654 321 1694 Defunctus
336 1655 422 1708 jam
441 1668 541 1703 sum,
562 1645 664 1693 nihil
683 1659 752 1701 est,
775 1653 882 1705 quod
901 1653 1008 1693 dicat
1025 1654 1148 1693 mihi:

97 1721 139 1760 Is
157 1734 209 1760 ne
230 1726 343 1769 erret,
364 1733 520 1769 moneo,
542 1725 583 1759 et
601 1720 756 1759 desinat
772 1719 978 1759 lacessere.

97 1787 242 1827 Habeo
261 1786 339 1827 alia
356 1786 494 1835 multa,
515 1799 624 1826 nunc
644 1799 734 1838 quae
754 1786 1067 1836 condonabitur;

96 1854 198 1898 Quae
216 1853 466 1907 proferentur
483 1858 583 1906 post,
605 1852 638 1891 si
655 1858 796 1906 perget
813 1852 960 1892 laedere

95 1921 160 1961 Ita
178 1927 224 1960 ut
241 1921 370 1960 facere
390 1910 583 1960 instituit:
615 1933 735 1972 quam
754 1933 863 1959 nunc
884 1921 1010 1959 acturi
1030 1934 1166 1960 sumus

95 1988 311 2028 Menandri
330 1987 583 2036 Eunuchum,
604 1992 818 2040 postquam
837 1987 992 2028 AEdiles
1012 1997 1206 2039 emerunt,

94 2055 276 2104 Perfecit,
298 2055 371 2095 sibi
390 2060 436 2094 ut
453 2053 697 2107 inspiciundi
716 2059 821 2094 esset
840 2055 966 2108 copia.

96 2120 352 2175 Magistratus
372 2135 463 2161 cum
482 2121 537 2160 ibi
557 2120 752 2169 adessent,
774 2127 939 2174 occepta
949 2123 996 2162 'st
1014 2124 1091 2176 agi.

94 2188 314 2238 Exclamat,
335 2188 478 2236 finem,
499 2201 581 2226 non
601 2192 773 2240 poetam,
794 2187 972 2228 fabulam

94 2255 272 2304 Dedisse,
295 2260 335 2294 et
352 2253 411 2294 nil
430 2253 582 2293 dedisse
600 2254 813 2293 verborum
832 2259 967 2294 tamen
985 2269 994 2294 ε

95 2322 279 2362 Colacem
299 2335 382 2362 esse
401 2321 521 2360 Naevi
541 2325 582 2360 et
600 2320 733 2360 Plauti
751 2326 927 2361 veterem
946 2322 1123 2363 fabulam
1141 2339 1149 2363 :

94 2389 261 2430 Parasiti
277 2403 490 2444 personam
509 2388 603 2428 inde
623 2388 798 2428 ablatam
818 2394 858 2428 et
874 2389 1024 2430 militis.

95 2456 137 2498 Si
154 2457 196 2498 id
215 2462 273 2497 est
289 2462 511 2510 peccatum,
532 2460 743 2509 peccatum
762 2455 1083 2508 imprudentia'st

95 2523 228 2564 Poetae
245 2539 253 2563 :
283 2537 365 2564 non
386 2537 464 2576 quo
483 2523 636 2562 furtum
654 2522 785 2562 facere
805 2522 1000 2562 studuerit
1016 2538 1024 2562 :

97 2591 146 2630 Id
164 2591 220 2632 ita
239 2605 334 2639 esse,
355 2604 426 2630 vos
441 2590 527 2643 jam
541 2589 722 2642 judicare
741 2589 932 2642 poteritis.

95 2658 221 2698 Colax
240 2657 457 2698 Menandri
476 2662 558 2696 est:
587 2656 631 2695 in
651 2669 699 2695 ea
717 2655 778 2695 est
795 2656 990 2710 parasitus
1010 2657 1147 2707 Colax,

26 2730 32 2746 ·
97 2723 150 2763 Et
166 2723 281 2763 miles
300 2723 516 2776 gloriosus:
549 2736 615 2761 eas
635 2735 676 2760 se
695 2721 761 2761 hic
780 2735 864 2762 non
883 2728 1007 2775 negat

98 2785 292 2830 Personas
312 2789 556 2830 transtulisse
575 2789 618 2828 in
639 2788 881 2829 Eunuchum
901 2803 1013 2829 suam

100 2856 164 2898 Ex
183 2858 348 2898 Graeca:
379 2857 448 2897 sed
467 2870 533 2896 eas
554 2856 708 2896 fabissas
726 2857 852 2896 factas
870 2857 980 2910 prius

1521 1325 1571 1361 10

1519 1660 1568 1697 15

1518 1998 1570 2033 20

1515 2332 1566 2369 25

1516 2665 1568 2701 30
