1670 3080
105 151 127 195 1
137 149 199 196 44
712 162 955 196 ADELPHI.

102 250 165 290 Ex
186 257 224 290 te
243 251 341 291 adeo
361 257 421 289 est
439 257 581 299 ortum,
602 264 653 290 ne
674 256 718 290 tu
736 264 893 291 curares
912 263 1060 297 meum,

100 317 214 357 Neve
235 331 309 370 ego
329 318 471 356 tuum?
498 317 703 370 responde.
789 317 866 356 M1.
907 314 1137 363 Factum’st,
1158 327 1240 354 non
1260 327 1377 368 nego.

100 384 180 424 DE.
221 385 304 423 Cur
323 397 429 423 nunc
450 383 557 436 apud
577 389 614 422 te
633 383 773 436 potat?
801 397 871 422 cur
889 382 1031 435 recipis
1050 380 1216 420 meum?

101 451 181 490 Cur
199 451 298 490 emis
317 450 499 498 amicam,
523 450 674 490 Micio?
701 450 898 502 numquid
916 450 1049 488 minus

100 516 205 556 Mihi
223 517 330 556 idem
344 517 411 570 jus
430 517 642 570 aequum'st
660 530 757 565 esse,
779 516 886 570 quod
905 515 1115 555 mecum’st
1133 514 1228 554 tibi?
1517 514 1564 553 15

99 585 271 629 Quando
291 598 365 637 ego
385 590 498 624 tuum
518 598 599 623 non
619 597 724 632 cum,
746 597 797 622 ne
817 597 912 623 cura
931 596 1079 622 meum.

100 651 177 690 Mx.
218 651 313 691 Non
332 665 490 705 aequom
509 651 618 690 dieis.
695 651 775 690 Dm.
816 650 944 689 Non?
1021 649 1099 688 M1.
1140 648 1248 688 Nam
1266 653 1381 688 vetus
1399 647 1566 688 verbum

261 718 337 758 hoc
358 718 580 772 quidem’st‚

99 785 338 824 Communia
357 799 440 824 esse
461 785 679 824 amicorum
698 784 802 823 inter
821 798 861 824 se
882 784 1027 823 omnia.

97 851 176 904 DE.
218 852 387 891 Facete!
418 865 525 891 nunc
546 851 708 890 demum
727 851 836 890 istaec
856 857 950 890 nata
970 850 1156 890 oratio’st.

98 917 174 956 M1.
216 917 410 956 Ausculta
429 917 576 970 paucis,
597 917 674 956 nisi
693 917 967 966 molestum'st,
986 917 1154 957 Demea.
1514 917 1566 955 20

96 983 310 1036 Principio,
332 983 365 1022 si
384 983 425 1022 id
444 989 481 1022 te
501 983 668 1031 mordet,
691 989 867 1023 sumtum
888 983 960 1022 filii

95 1051 227 1094 Quem
246 1050 409 1099 faciunt,
431 1063 577 1102 quaeso,
599 1049 675 1088 hoc
694 1049 813 1088 facito
833 1055 967 1088 tecum
987 1049 1136 1102 cogites
1153 1063 1162 1089 :

94 1116 157 1156 Tu
175 1116 263 1156 illos
283 1117 361 1156 duo
381 1116 475 1156 olim
493 1131 565 1170 pro
583 1130 626 1156 re
646 1115 810 1156 tollebas
829 1122 909 1166 tua,

94 1183 212 1228 Quod
231 1184 325 1223 satis
343 1184 510 1237 putabas
530 1189 598 1222 tua
615 1183 721 1222 bona
739 1183 931 1223 ambobus
949 1183 1032 1223 fore
1048 1198 1058 1232 3

93 1251 146 1290 Et
163 1265 228 1290 me
249 1257 335 1291 tum
353 1265 520 1290 uxorem
541 1251 741 1291 credidisti
759 1251 909 1291 scilicet
1508 1251 1563 1289 25

92 1316 317 1357 Ducturum
333 1331 342 1356 ε
374 1317 543 1357 eandem
562 1316 672 1357 illam
691 1317 887 1356 rationem
907 1317 1114 1371 antiquam
1135 1315 1269 1356 obtine
1285 1330 1295 1364 3

91 1384 302 1433 Conserva,
325 1398 470 1437 quaere,
491 1398 632 1438 parce3
663 1384 739 1432 fac,
762 1383 1101 1437 quamplurimum

90 1451 175 1492 Illis
194 1452 406 1506 relinquas,
427 1452 673 1505 gloriamque
692 1451 818 1491 istanc
838 1451 910 1491 tibi
926 1465 934 1490 :

90 1518 197 1566 Mea,
219 1532 310 1571 quae
329 1524 475 1572 praeter
494 1532 605 1571 spem
627 1532 808 1567 evenere,
830 1523 995 1557 utantur
1012 1517 1120 1557 sine:

88 1584 151 1624 De
172 1598 328 1624 summa
347 1584 404 1623 nil
424 1584 613 1624 decedet:
645 1584 752 1638 quod
769 1583 863 1624 hinc
883 1584 1104 1632 accesserit,
1506 1586 1560 1623 30

88 1650 138 1690 Id
157 1651 205 1698 de
224 1650 334 1691 lucro
352 1656 491 1704 putato
512 1665 595 1690 esse
617 1639 760 1690 omne:
789 1650 877 1690 haec
897 1650 929 1690 si
948 1650 1056 1690 voles

88 1718 138 1757 In
158 1718 293 1757 animo
313 1731 405 1758 vere
426 1718 611 1770 cogitare,
636 1717 801 1765 Demea,

87 1785 140 1824 Et
157 1786 214 1825 mi
235 1791 274 1825 et
293 1785 364 1825 tibi
384 1790 425 1824 et
442 1784 520 1824 illis
540 1785 728 1824 demseris
748 1784 983 1824 molestiam.

85 1851 165 1891 Da.
206 1852 325 1891 Mitto
344 1866 430 1892 rem
447 1866 455 1890 :
487 1851 817 1891 consuetudinem
836 1852 1027 1904 ipsorum.
1087 1849 1166 1889 Μι.
1207 1849 1355 1890 Mane:

86 1919 200 1959 Scio:
230 1919 330 1959 istuc
350 1919 457 1959 ibam
475 1933 483 1958 :
514 1919 641 1958 multa
660 1919 702 1957 in
721 1918 897 1966 homine,
922 1917 1087 1966 Demea,
1501 1919 1552 1956 35

85 1986 208 2038 Signa
227 1986 373 2033 insunt,
396 1985 537 2038 quibus
558 1998 608 2023 ex
628 1984 855 2037 conjectura
873 1982 987 2023 facile
1007 1983 1071 2022 fit:

84 2052 177 2092 Duo
198 2066 290 2092 cum
309 2051 417 2091 idem
435 2051 599 2099 faciunt,
623 2064 729 2103 saepe
745 2056 790 2089 ut
808 2050 932 2102 possis
952 2049 1083 2089 dicere

84 2120 176 2159 Hoc
195 2119 288 2159 licet
306 2119 470 2171 impune
490 2117 619 2156 facere
639 2116 744 2165 huic,
766 2116 822 2155 illi
842 2130 924 2155 non
943 2116 1037 2164 licet
1053 2130 1062 2155 ε

84 2187 178 2226 Non
198 2200 276 2240 quo
297 2185 496 2226 dissimilis
515 2199 577 2224 res
597 2184 658 2233 sit,
680 2184 751 2224 sed
770 2198 848 2236 quo
867 2184 911 2232 is,
934 2183 1002 2237 qui
1015 2184 1126 2241 facit.

83 2254 185 2298 Quae
205 2267 278 2306 ego
298 2253 341 2292 in
360 2252 437 2292 illis
457 2266 540 2291 esse
561 2251 689 2299 video,
710 2257 756 2290 ut
774 2243 1089 2300 confidamy‘fore
1499 2257 1568 2294 40·
1629 2276 1632 2283 ⁴

83 2321 146 2360 Ita
164 2326 210 2360 ut
227 2320 432 2359 volumus:
463 2318 579 2359 video
600 2333 666 2358 eos
687 2332 836 2371 sapere,
858 2318 1092 2372 intelligere,
1114 2319 1156 2359 in
1175 2319 1264 2360 loco

81 2387 233 2436 Vereri,
254 2387 358 2426 inter
377 2400 417 2425 se
438 2399 571 2425 amare
589 2400 597 2424 ε
628 2385 726 2424 scire
747 2391 807 2424 est
824 2385 993 2424 liberum

82 2454 298 2507 Ingenium
318 2459 436 2506 atque
456 2452 635 2492 animum
653 2466 661 2491 t
692 2466 770 2505 quo
790 2452 849 2491 vis
868 2452 955 2491 illos
975 2458 1017 2491 tu
1038 2451 1100 2492 die

80 2522 264 2561 Reducas
281 2536 289 2560 :
320 2527 361 2560 at
381 2520 486 2560 enim
507 2526 674 2568 metuas,
695 2533 746 2558 ne
763 2519 812 2558 ab
831 2533 873 2558 re
895 2519 974 2558 sint
992 2525 1127 2559 tamen
1619 2570 1624 2577 θ

81 2588 315 2628 Omissiores
333 2587 477 2641 paulo:
511 2588 546 2626 Ο
565 2592 700 2626 noster
718 2587 885 2633 Demea,
1436 2624 1439 2627 ,
1493 2591 1564 2629 45-

78 2654 147 2695 Ad
166 2654 300 2694 omnia
320 2653 397 2693 alia
415 2658 532 2692 aetate
553 2652 726 2705 sapimus
744 2652 888 2692 rectius
905 2666 913 2691 ε

79 2722 215 2762 Solum
234 2735 361 2761 unum
378 2720 455 2760 hoc
476 2720 617 2759 vitium
637 2725 820 2759 senectus
839 2719 954 2759 affert
970 2720 1211 2770 hominibus,

78 2789 323 2830 Attentiores
342 2802 477 2828 sumus
498 2788 549 2827 ad
566 2801 652 2827 rem
673 2801 822 2835 omnes,
844 2801 963 2840 quam
984 2793 1044 2828 sat
1063 2793 1148 2828 est:

78 2856 195 2901 Quod
214 2855 301 2895 illos
321 2861 382 2895 sat
400 2860 497 2895 aetas
516 2860 645 2895 acuet.
729 2854 809 2894 DE.
850 2854 914 2893 Ne
934 2854 1105 2895 nimium
1123 2855 1243 2913 modo
