<?xml version="1.0" encoding="UTF-8"?>
<!DOCTYPE html PUBLIC "-//W3C//DTD XHTML 1.0 Transitional//EN"
    "http://www.w3.org/TR/xhtml1/DTD/xhtml1-transitional.dtd">
<html xmlns="http://www.w3.org/1999/xhtml" xml:lang="en" lang="en">
 <head>
  <title>
</title>
<meta http-equiv="Content-Type" content="text/html;charset=utf-8" />
  <meta name='ocr-system' content='tesseract 3.04.00' />
  <meta name='ocr-capabilities' content='ocr_page ocr_carea ocr_par ocr_line ocrx_word'/>
</head>
<body>
  <div class='ocr_page' id='page_1' title='image "./comoediaesext00tereuoft_0155.png"; bbox 0 0 1670 3080; ppageno 0'>
   <div class='ocr_carea' id='block_1_1' title="bbox 556 380 1025 432">
    <p class='ocr_par' dir='ltr' id='par_1_1' title="bbox 556 380 1025 432">
     <span class='ocr_line' id='line_1_1' title="bbox 556 380 1025 432; baseline -0.004 -1"><span class='ocrx_word' id='word_1_1' title='bbox 556 380 1025 432; x_wconf 86' lang='lat' dir='ltr'><strong>PROLOGUS.</strong></span> 
     </span>
    </p>
   </div>
   <div class='ocr_carea' id='block_1_2' title="bbox 640 523 880 532">
    <p class='ocr_par' dir='ltr' id='par_1_2' title="bbox 640 523 880 532">
     <span class='ocr_line' id='line_1_2' title="bbox 640 523 880 532; baseline 0 2548"><span class='ocrx_word' id='word_1_2' title='bbox 640 523 880 532; x_wconf 95' lang='lat' dir='ltr'><strong> </strong></span> 
     </span>
    </p>
   </div>
   <div class='ocr_carea' id='block_1_3' title="bbox 18 635 1164 1764">
    <p class='ocr_par' dir='ltr' id='par_1_3' title="bbox 18 635 962 691">
     <span class='ocr_line' id='line_1_3' title="bbox 18 635 962 691; baseline -0.001 -14"><span class='ocrx_word' id='word_1_3' title='bbox 18 680 20 682; x_wconf 60' lang='grc'>,</span> <span class='ocrx_word' id='word_1_4' title='bbox 51 636 278 680; x_wconf 67' lang='lat' dir='ltr'><strong>pomum</strong></span> <span class='ocrx_word' id='word_1_5' title='bbox 297 642 416 691; x_wconf 88' lang='lat' dir='ltr'><strong>poeta</strong></span> <span class='ocrx_word' id='word_1_6' title='bbox 435 635 570 685; x_wconf 87' lang='lat' dir='ltr'><strong>sensit,</strong></span> <span class='ocrx_word' id='word_1_7' title='bbox 591 635 828 689; x_wconf 80' lang='lat' dir='ltr'><strong>scripturam</strong></span> <span class='ocrx_word' id='word_1_8' title='bbox 848 649 962 676; x_wconf 89' lang='lat' dir='ltr'><strong>suam</strong></span> 
     </span>
    </p>

    <p class='ocr_par' dir='ltr' id='par_1_4' title="bbox 50 703 838 758">
     <span class='ocr_line' id='line_1_4' title="bbox 50 703 838 758; baseline -0.004 -12"><span class='ocrx_word' id='word_1_9' title='bbox 50 705 116 746; x_wconf 89' lang='lat' dir='ltr'><strong>Ab</strong></span> <span class='ocrx_word' id='word_1_10' title='bbox 135 705 282 758; x_wconf 84' lang='lat' dir='ltr'><strong>iniquis</strong></span> <span class='ocrx_word' id='word_1_11' title='bbox 301 705 513 753; x_wconf 88' lang='lat' dir='ltr'><strong>observari,</strong></span> <span class='ocrx_word' id='word_1_12' title='bbox 535 710 576 744; x_wconf 90' lang='lat' dir='ltr'><strong>et</strong></span> <span class='ocrx_word' id='word_1_13' title='bbox 594 703 838 743; x_wconf 86' lang='lat' dir='ltr'><strong>adversarios</strong></span> 
     </span>
    </p>

    <p class='ocr_par' dir='ltr' id='par_1_5' title="bbox 47 770 1113 1026">
     <span class='ocr_line' id='line_1_5' title="bbox 49 770 1113 825; baseline 0 -13"><span class='ocrx_word' id='word_1_14' title='bbox 49 772 207 825; x_wconf 83' lang='lat' dir='ltr'><strong>Rapere</strong></span> <span class='ocrx_word' id='word_1_15' title='bbox 227 771 269 811; x_wconf 91' lang='lat' dir='ltr'><strong>in</strong></span> <span class='ocrx_word' id='word_1_16' title='bbox 288 771 467 825; x_wconf 89' lang='lat' dir='ltr'><strong>pejorem</strong></span> <span class='ocrx_word' id='word_1_17' title='bbox 484 776 652 824; x_wconf 87' lang='lat' dir='ltr'><strong>partem,</strong></span> <span class='ocrx_word' id='word_1_18' title='bbox 675 783 797 823; x_wconf 90' lang='lat' dir='ltr'><strong>quam</strong></span> <span class='ocrx_word' id='word_1_19' title='bbox 817 770 944 810; x_wconf 87' lang='lat' dir='ltr'><strong>acturi</strong></span> <span class='ocrx_word' id='word_1_20' title='bbox 963 784 1113 821; x_wconf 69' lang='lat' dir='ltr'><strong>sumuS,</strong></span> 
     </span>
     <span class='ocr_line' id='line_1_6' title="bbox 50 838 969 892; baseline -0.001 -12"><span class='ocrx_word' id='word_1_21' title='bbox 50 839 206 880; x_wconf 86' lang='lat' dir='ltr'><strong>Indicio</strong></span> <span class='ocrx_word' id='word_1_22' title='bbox 225 839 275 879; x_wconf 86' lang='lat' dir='ltr'><strong>de</strong></span> <span class='ocrx_word' id='word_1_23' title='bbox 294 853 335 879; x_wconf 88' lang='lat' dir='ltr'><strong>se</strong></span> <span class='ocrx_word' id='word_1_24' title='bbox 355 839 440 892; x_wconf 91' lang='lat' dir='ltr'><strong>ipse</strong></span> <span class='ocrx_word' id='word_1_25' title='bbox 461 839 558 878; x_wconf 89' lang='lat' dir='ltr'><strong>erit:</strong></span> <span class='ocrx_word' id='word_1_26' title='bbox 589 851 659 878; x_wconf 84' lang='lat' dir='ltr'><strong>vos</strong></span> <span class='ocrx_word' id='word_1_27' title='bbox 679 838 787 878; x_wconf 89' lang='lat' dir='ltr'><strong>eritis</strong></span> <span class='ocrx_word' id='word_1_28' title='bbox 800 838 969 892; x_wconf 82' lang='lat' dir='ltr'><strong>judices,</strong></span> 
     </span>
     <span class='ocr_line' id='line_1_7' title="bbox 48 905 963 959; baseline 0.001 -13"><span class='ocrx_word' id='word_1_29' title='bbox 48 905 220 946; x_wconf 88' lang='lat' dir='ltr'><strong>Laudin’</strong></span> <span class='ocrx_word' id='word_1_30' title='bbox 239 920 291 946; x_wconf 84' lang='lat' dir='ltr'><strong>an</strong></span> <span class='ocrx_word' id='word_1_31' title='bbox 311 906 407 946; x_wconf 90' lang='lat' dir='ltr'><strong>vitio</strong></span> <span class='ocrx_word' id='word_1_32' title='bbox 428 905 520 945; x_wconf 89' lang='lat' dir='ltr'><strong>duci</strong></span> <span class='ocrx_word' id='word_1_33' title='bbox 538 906 690 945; x_wconf 86' lang='lat' dir='ltr'><strong>factum</strong></span> <span class='ocrx_word' id='word_1_34' title='bbox 710 905 752 944; x_wconf 91' lang='lat' dir='ltr'><strong>id</strong></span> <span class='ocrx_word' id='word_1_35' title='bbox 771 912 963 959; x_wconf 84' lang='lat' dir='ltr'><strong>oporteat.</strong></span> 
     </span>
     <span class='ocr_line' id='line_1_8' title="bbox 47 971 930 1026; baseline 0.001 -13"><span class='ocrx_word' id='word_1_36' title='bbox 47 972 464 1026; x_wconf 81' lang='lat' dir='ltr'><strong>Synapothnescontes</strong></span> <span class='ocrx_word' id='word_1_37' title='bbox 484 971 639 1025; x_wconf 84' lang='lat' dir='ltr'><strong>Diphili</strong></span> <span class='ocrx_word' id='word_1_38' title='bbox 659 972 930 1021; x_wconf 74' lang='lat' dir='ltr'><strong>comoedia’st,</strong></span> 
     </span>
    </p>

    <p class='ocr_par' dir='ltr' id='par_1_6' title="bbox 47 1039 998 1082">
     <span class='ocr_line' id='line_1_9' title="bbox 47 1039 998 1082; baseline 0.002 -2"><span class='ocrx_word' id='word_1_39' title='bbox 47 1039 151 1080; x_wconf 91' lang='lat' dir='ltr'><strong>Eam</strong></span> <span class='ocrx_word' id='word_1_40' title='bbox 171 1040 487 1080; x_wconf 88' lang='lat' dir='ltr'><strong>Commorientes</strong></span> <span class='ocrx_word' id='word_1_41' title='bbox 509 1040 674 1080; x_wconf 87' lang='lat' dir='ltr'><strong>Plautus</strong></span> <span class='ocrx_word' id='word_1_42' title='bbox 692 1040 788 1080; x_wconf 89' lang='lat' dir='ltr'><strong>fecit</strong></span> <span class='ocrx_word' id='word_1_43' title='bbox 805 1041 998 1082; x_wconf 84' lang='lat' dir='ltr'><strong>fabulam.</strong></span> 
     </span>
    </p>

    <p class='ocr_par' dir='ltr' id='par_1_7' title="bbox 36 1107 1164 1564">
     <span class='ocr_line' id='line_1_10' title="bbox 47 1107 990 1161; baseline 0 -13"><span class='ocrx_word' id='word_1_44' title='bbox 47 1107 99 1147; x_wconf 92' lang='lat' dir='ltr'><strong>In</strong></span> <span class='ocrx_word' id='word_1_45' title='bbox 120 1108 265 1148; x_wconf 86' lang='lat' dir='ltr'><strong>Graeca</strong></span> <span class='ocrx_word' id='word_1_46' title='bbox 283 1107 516 1147; x_wconf 81' lang='lat' dir='ltr'><strong>adulescens</strong></span> <span class='ocrx_word' id='word_1_47' title='bbox 536 1112 606 1156; x_wconf 87' lang='lat' dir='ltr'><strong>est,</strong></span> <span class='ocrx_word' id='word_1_48' title='bbox 629 1107 697 1161; x_wconf 83' lang='lat' dir='ltr'><strong>qui</strong></span> <span class='ocrx_word' id='word_1_49' title='bbox 716 1107 852 1147; x_wconf 88' lang='lat' dir='ltr'><strong>lenoni</strong></span> <span class='ocrx_word' id='word_1_50' title='bbox 872 1108 990 1161; x_wconf 88' lang='lat' dir='ltr'><strong>eripit</strong></span> 
     </span>
     <span class='ocr_line' id='line_1_11' title="bbox 46 1172 1159 1227; baseline 0.003 -14"><span class='ocrx_word' id='word_1_51' title='bbox 46 1172 305 1213; x_wconf 84' lang='lat' dir='ltr'><strong>Meretricem</strong></span> <span class='ocrx_word' id='word_1_52' title='bbox 324 1173 367 1213; x_wconf 91' lang='lat' dir='ltr'><strong>in</strong></span> <span class='ocrx_word' id='word_1_53' title='bbox 386 1173 518 1227; x_wconf 87' lang='lat' dir='ltr'><strong>prima</strong></span> <span class='ocrx_word' id='word_1_54' title='bbox 535 1173 671 1213; x_wconf 87' lang='lat' dir='ltr'><strong>fabula</strong></span> <span class='ocrx_word' id='word_1_55' title='bbox 687 1188 696 1212; x_wconf 78' lang='lat' dir='ltr'><strong>t</strong></span> <span class='ocrx_word' id='word_1_56' title='bbox 728 1187 820 1213; x_wconf 88' lang='lat' dir='ltr'><strong>eum</strong></span> <span class='ocrx_word' id='word_1_57' title='bbox 842 1174 1007 1215; x_wconf 88' lang='lat' dir='ltr'><strong>Plautus</strong></span> <span class='ocrx_word' id='word_1_58' title='bbox 1025 1174 1159 1216; x_wconf 91' lang='lat' dir='ltr'><strong>locum</strong></span> 
     </span>
     <span class='ocr_line' id='line_1_12' title="bbox 36 1240 1093 1295; baseline 0.002 -14"><span class='ocrx_word' id='word_1_59' title='bbox 36 1240 229 1295; x_wconf 47' lang='lat' dir='ltr'><strong>uReliquit</strong></span> <span class='ocrx_word' id='word_1_60' title='bbox 245 1241 447 1295; x_wconf 88' lang='lat' dir='ltr'><strong>integrum</strong></span> <span class='ocrx_word' id='word_1_61' title='bbox 464 1255 473 1280; x_wconf 90' lang='lat'><strong>:</strong></span> <span class='ocrx_word' id='word_1_62' title='bbox 505 1254 602 1281; x_wconf 90' lang='lat' dir='ltr'><strong>eum</strong></span> <span class='ocrx_word' id='word_1_63' title='bbox 620 1240 686 1281; x_wconf 91' lang='lat' dir='ltr'><strong>hic</strong></span> <span class='ocrx_word' id='word_1_64' title='bbox 706 1241 838 1281; x_wconf 89' lang='lat' dir='ltr'><strong>locum</strong></span> <span class='ocrx_word' id='word_1_65' title='bbox 858 1243 1000 1282; x_wconf 82' lang='lat' dir='ltr'><strong>sumsit</strong></span> <span class='ocrx_word' id='word_1_66' title='bbox 1018 1243 1093 1283; x_wconf 89' lang='lat' dir='ltr'><strong>sibi</strong></span> 
     </span>
     <span class='ocr_line' id='line_1_13' title="bbox 48 1307 1164 1362; baseline 0.003 -15"><span class='ocrx_word' id='word_1_67' title='bbox 48 1307 99 1347; x_wconf 91' lang='lat' dir='ltr'><strong>In</strong></span> <span class='ocrx_word' id='word_1_68' title='bbox 119 1307 338 1362; x_wconf 85' lang='lat' dir='ltr'><strong>Adelphos,</strong></span> <span class='ocrx_word' id='word_1_69' title='bbox 359 1308 526 1348; x_wconf 86' lang='lat' dir='ltr'><strong>verbum</strong></span> <span class='ocrx_word' id='word_1_70' title='bbox 546 1307 596 1347; x_wconf 90' lang='lat' dir='ltr'><strong>de</strong></span> <span class='ocrx_word' id='word_1_71' title='bbox 616 1309 737 1347; x_wconf 87' lang='lat' dir='ltr'><strong>verbo</strong></span> <span class='ocrx_word' id='word_1_72' title='bbox 756 1322 990 1362; x_wconf 86' lang='lat' dir='ltr'><strong>expressum</strong></span> <span class='ocrx_word' id='word_1_73' title='bbox 1010 1309 1164 1350; x_wconf 72' lang='lat' dir='ltr'><strong>extulit-</strong></span> 
     </span>
     <span class='ocr_line' id='line_1_14' title="bbox 47 1374 1002 1428; baseline 0.001 -14"><span class='ocrx_word' id='word_1_74' title='bbox 47 1374 150 1414; x_wconf 86' lang='lat' dir='ltr'><strong>Eam</strong></span> <span class='ocrx_word' id='word_1_75' title='bbox 169 1388 242 1414; x_wconf 88' lang='lat' dir='ltr'><strong>nos</strong></span> <span class='ocrx_word' id='word_1_76' title='bbox 262 1375 389 1414; x_wconf 84' lang='lat' dir='ltr'><strong>acturi</strong></span> <span class='ocrx_word' id='word_1_77' title='bbox 409 1388 545 1415; x_wconf 91' lang='lat' dir='ltr'><strong>sumus</strong></span> <span class='ocrx_word' id='word_1_78' title='bbox 563 1388 710 1414; x_wconf 89' lang='lat' dir='ltr'><strong>novam</strong></span> <span class='ocrx_word' id='word_1_79' title='bbox 728 1389 736 1414; x_wconf 91' lang='lat'>:</span> <span class='ocrx_word' id='word_1_80' title='bbox 766 1376 1002 1428; x_wconf 85' lang='lat' dir='ltr'><strong>pernoscite,</strong></span> 
     </span>
     <span class='ocr_line' id='line_1_15' title="bbox 49 1442 945 1491; baseline 0.001 -9"><span class='ocrx_word' id='word_1_81' title='bbox 49 1442 270 1482; x_wconf 86' lang='lat' dir='ltr'><strong>Furtumne</strong></span> <span class='ocrx_word' id='word_1_82' title='bbox 288 1443 441 1482; x_wconf 84' lang='lat' dir='ltr'><strong>factum</strong></span> <span class='ocrx_word' id='word_1_83' title='bbox 461 1442 718 1491; x_wconf 84' lang='lat' dir='ltr'><strong>existumetis,</strong></span> <span class='ocrx_word' id='word_1_84' title='bbox 741 1456 792 1482; x_wconf 88' lang='lat' dir='ltr'><strong>an</strong></span> <span class='ocrx_word' id='word_1_85' title='bbox 811 1442 945 1483; x_wconf 88' lang='lat' dir='ltr'><strong>locum</strong></span> 
     </span>
     <span class='ocr_line' id='line_1_16' title="bbox 55 1509 1026 1564; baseline 0.002 -14"><span class='ocrx_word' id='word_1_86' title='bbox 55 1509 365 1564; x_wconf 72' lang='lat' dir='ltr'><strong>Reprehensum,</strong></span> <span class='ocrx_word' id='word_1_87' title='bbox 387 1510 456 1564; x_wconf 90' lang='lat' dir='ltr'><strong>qui</strong></span> <span class='ocrx_word' id='word_1_88' title='bbox 474 1510 698 1563; x_wconf 80' lang='lat' dir='ltr'><strong>praeteritus</strong></span> <span class='ocrx_word' id='word_1_89' title='bbox 717 1510 1026 1564; x_wconf 87' lang='lat' dir='ltr'><strong>negligentia’st.</strong></span> 
     </span>
    </p>

    <p class='ocr_par' dir='ltr' id='par_1_8' title="bbox 49 1577 1121 1699">
     <span class='ocr_line' id='line_1_17' title="bbox 61 1577 1121 1631; baseline 0.003 -15"><span class='ocrx_word' id='word_1_90' title='bbox 61 1577 157 1617; x_wconf 51' lang='lat' dir='ltr'><strong>*Tam</strong></span> <span class='ocrx_word' id='word_1_91' title='bbox 178 1577 285 1631; x_wconf 87' lang='lat' dir='ltr'><strong>quod</strong></span> <span class='ocrx_word' id='word_1_92' title='bbox 303 1577 367 1617; x_wconf 88' lang='lat' dir='ltr'><strong>isti</strong></span> <span class='ocrx_word' id='word_1_93' title='bbox 387 1578 528 1618; x_wconf 91' lang='lat' dir='ltr'><strong>dicunt</strong></span> <span class='ocrx_word' id='word_1_94' title='bbox 545 1577 743 1627; x_wconf 90' lang='lat' dir='ltr'><strong>malevoli,</strong></span> <span class='ocrx_word' id='word_1_95' title='bbox 764 1577 949 1618; x_wconf 88' lang='lat' dir='ltr'><strong>homines</strong></span> <span class='ocrx_word' id='word_1_96' title='bbox 968 1578 1121 1619; x_wconf 89' lang='lat' dir='ltr'><strong>nobiles</strong></span> 
     </span>
     <span class='ocr_line' id='line_1_18' title="bbox 49 1643 927 1699; baseline 0.001 -15"><span class='ocrx_word' id='word_1_97' title='bbox 49 1643 155 1685; x_wconf 91' lang='lat' dir='ltr'><strong>Eum</strong></span> <span class='ocrx_word' id='word_1_98' title='bbox 175 1645 367 1699; x_wconf 84' lang='lat' dir='ltr'><strong>adjutare,</strong></span> <span class='ocrx_word' id='word_1_99' title='bbox 389 1645 625 1699; x_wconf 83' lang='lat' dir='ltr'><strong>assidueque</strong></span> <span class='ocrx_word' id='word_1_100' title='bbox 643 1659 726 1684; x_wconf 88' lang='lat' dir='ltr'><strong>una</strong></span> <span class='ocrx_word' id='word_1_101' title='bbox 744 1645 927 1695; x_wconf 87' lang='lat' dir='ltr'><strong>scribere,</strong></span> 
     </span>
    </p>

    <p class='ocr_par' dir='ltr' id='par_1_9' title="bbox 48 1711 1142 1764">
     <span class='ocr_line' id='line_1_19' title="bbox 48 1711 1142 1764; baseline 0.002 -13"><span class='ocrx_word' id='word_1_102' title='bbox 48 1711 167 1756; x_wconf 85' lang='lat' dir='ltr'><strong>Quod</strong></span> <span class='ocrx_word' id='word_1_103' title='bbox 186 1711 245 1750; x_wconf 90' lang='lat' dir='ltr'><strong>illi</strong></span> <span class='ocrx_word' id='word_1_104' title='bbox 263 1711 523 1752; x_wconf 81' lang='lat' dir='ltr'><strong>maledictum</strong></span> <span class='ocrx_word' id='word_1_105' title='bbox 541 1711 761 1751; x_wconf 89' lang='lat' dir='ltr'><strong>vehemens</strong></span> <span class='ocrx_word' id='word_1_106' title='bbox 781 1726 865 1752; x_wconf 86' lang='lat' dir='ltr'><strong>esse</strong></span> <span class='ocrx_word' id='word_1_107' title='bbox 885 1712 1142 1764; x_wconf 86' lang='lat' dir='ltr'><strong>existumant,</strong></span> 
     </span>
    </p>
   </div>
   <div class='ocr_carea' id='block_1_4' title="bbox 49 1775 1206 1833">
    <p class='ocr_par' dir='ltr' id='par_1_10' title="bbox 49 1775 1206 1833">
     <span class='ocr_line' id='line_1_20' title="bbox 49 1775 1206 1833; baseline 0.004 -18"><span class='ocrx_word' id='word_1_108' title='bbox 49 1775 152 1816; x_wconf 89' lang='lat' dir='ltr'><strong>Eam</strong></span> <span class='ocrx_word' id='word_1_109' title='bbox 170 1776 332 1817; x_wconf 90' lang='lat' dir='ltr'><strong>laudem</strong></span> <span class='ocrx_word' id='word_1_110' title='bbox 350 1777 416 1818; x_wconf 87' lang='lat' dir='ltr'><strong>hic</strong></span> <span class='ocrx_word' id='word_1_111' title='bbox 436 1777 547 1818; x_wconf 84' lang='lat' dir='ltr'><strong>ducit</strong></span> <span class='ocrx_word' id='word_1_112' title='bbox 564 1791 798 1817; x_wconf 84' lang='lat' dir='ltr'><strong>maxumam</strong></span> <span class='ocrx_word' id='word_1_113' title='bbox 814 1792 824 1827; x_wconf 80' lang='lat'>3</span> <span class='ocrx_word' id='word_1_114' title='bbox 855 1792 948 1819; x_wconf 90' lang='lat' dir='ltr'><strong>cum</strong></span> <span class='ocrx_word' id='word_1_115' title='bbox 967 1778 1044 1818; x_wconf 89' lang='lat' dir='ltr'><strong>illis</strong></span> <span class='ocrx_word' id='word_1_116' title='bbox 1062 1779 1206 1833; x_wconf 89' lang='lat' dir='ltr'><strong>placet,</strong></span> 
     </span>
    </p>
   </div>
   <div class='ocr_carea' id='block_1_5' title="bbox 3 1843 1164 2298">
    <p class='ocr_par' dir='ltr' id='par_1_11' title="bbox 48 1843 905 1898">
     <span class='ocr_line' id='line_1_21' title="bbox 48 1843 905 1898; baseline 0.002 -16"><span class='ocrx_word' id='word_1_117' title='bbox 48 1843 129 1887; x_wconf 83' lang='lat' dir='ltr'><strong>Qui</strong></span> <span class='ocrx_word' id='word_1_118' title='bbox 148 1843 260 1883; x_wconf 88' lang='lat' dir='ltr'><strong>vobis</strong></span> <span class='ocrx_word' id='word_1_119' title='bbox 278 1844 474 1884; x_wconf 88' lang='lat' dir='ltr'><strong>universis</strong></span> <span class='ocrx_word' id='word_1_120' title='bbox 495 1849 535 1883; x_wconf 91' lang='lat' dir='ltr'><strong>et</strong></span> <span class='ocrx_word' id='word_1_121' title='bbox 552 1843 700 1898; x_wconf 91' lang='lat' dir='ltr'><strong>populo</strong></span> <span class='ocrx_word' id='word_1_122' title='bbox 719 1844 880 1897; x_wconf 90' lang='lat' dir='ltr'><strong>placent</strong></span> <span class='ocrx_word' id='word_1_123' title='bbox 897 1859 905 1883; x_wconf 92' lang='lat'><strong>:</strong></span> 
     </span>
    </p>

    <p class='ocr_par' dir='ltr' id='par_1_12' title="bbox 49 1909 1000 1963">
     <span class='ocr_line' id='line_1_22' title="bbox 49 1909 1000 1963; baseline 0.001 -15"><span class='ocrx_word' id='word_1_124' title='bbox 49 1909 230 1954; x_wconf 84' lang='lat' dir='ltr'><strong>Quorum</strong></span> <span class='ocrx_word' id='word_1_125' title='bbox 250 1922 371 1962; x_wconf 88' lang='lat' dir='ltr'><strong>opera</strong></span> <span class='ocrx_word' id='word_1_126' title='bbox 388 1909 431 1948; x_wconf 92' lang='lat' dir='ltr'><strong>in</strong></span> <span class='ocrx_word' id='word_1_127' title='bbox 450 1909 568 1958; x_wconf 90' lang='lat' dir='ltr'><strong>bello,</strong></span> <span class='ocrx_word' id='word_1_128' title='bbox 589 1909 632 1949; x_wconf 90' lang='lat' dir='ltr'><strong>in</strong></span> <span class='ocrx_word' id='word_1_129' title='bbox 653 1909 743 1958; x_wconf 88' lang='lat' dir='ltr'><strong>otio,</strong></span> <span class='ocrx_word' id='word_1_130' title='bbox 765 1910 807 1949; x_wconf 92' lang='lat' dir='ltr'><strong>in</strong></span> <span class='ocrx_word' id='word_1_131' title='bbox 827 1910 1000 1963; x_wconf 89' lang='lat' dir='ltr'><strong>negotio,</strong></span> 
     </span>
    </p>

    <p class='ocr_par' dir='ltr' id='par_1_13' title="bbox 3 1976 1060 2165">
     <span class='ocr_line' id='line_1_23' title="bbox 3 1976 996 2030; baseline 0 -14"><span class='ocrx_word' id='word_1_132' title='bbox 3 2013 5 2015; x_wconf 78' lang='grc'>,</span> <span class='ocrx_word' id='word_1_133' title='bbox 50 1977 130 2016; x_wconf 89' lang='lat' dir='ltr'><strong>Suo</strong></span> <span class='ocrx_word' id='word_1_134' title='bbox 150 1976 316 2030; x_wconf 89' lang='lat' dir='ltr'><strong>quisque</strong></span> <span class='ocrx_word' id='word_1_135' title='bbox 337 1982 514 2030; x_wconf 87' lang='lat' dir='ltr'><strong>tempore</strong></span> <span class='ocrx_word' id='word_1_136' title='bbox 533 1976 680 2016; x_wconf 89' lang='lat' dir='ltr'><strong>usus’st</strong></span> <span class='ocrx_word' id='word_1_137' title='bbox 698 1977 783 2016; x_wconf 91' lang='lat' dir='ltr'><strong>sine</strong></span> <span class='ocrx_word' id='word_1_138' title='bbox 799 1976 996 2030; x_wconf 89' lang='lat' dir='ltr'><strong>superbia.</strong></span> 
     </span>
     <span class='ocr_line' id='line_1_24' title="bbox 50 2043 1032 2098; baseline 0.001 -15"><span class='ocrx_word' id='word_1_139' title='bbox 50 2043 208 2084; x_wconf 90' lang='lat' dir='ltr'><strong>Dehinc</strong></span> <span class='ocrx_word' id='word_1_140' title='bbox 227 2058 279 2084; x_wconf 90' lang='lat' dir='ltr'><strong>ne</strong></span> <span class='ocrx_word' id='word_1_141' title='bbox 299 2044 536 2098; x_wconf 86' lang='lat' dir='ltr'><strong>exspectetis</strong></span> <span class='ocrx_word' id='word_1_142' title='bbox 557 2049 840 2098; x_wconf 84' lang='lat' dir='ltr'><strong>argumentum</strong></span> <span class='ocrx_word' id='word_1_143' title='bbox 859 2043 1006 2084; x_wconf 87' lang='lat' dir='ltr'><strong>fabulae</strong></span> <span class='ocrx_word' id='word_1_144' title='bbox 1024 2059 1032 2083; x_wconf 95' lang='lat'><strong>:</strong></span> 
     </span>
     <span class='ocr_line' id='line_1_25' title="bbox 50 2110 1060 2165; baseline -0.001 -15"><span class='ocrx_word' id='word_1_145' title='bbox 50 2111 184 2160; x_wconf 88' lang='lat' dir='ltr'><strong>Senes,</strong></span> <span class='ocrx_word' id='word_1_146' title='bbox 207 2111 274 2164; x_wconf 90' lang='lat' dir='ltr'><strong>qui</strong></span> <span class='ocrx_word' id='word_1_147' title='bbox 292 2111 413 2165; x_wconf 87' lang='lat' dir='ltr'><strong>primi</strong></span> <span class='ocrx_word' id='word_1_148' title='bbox 432 2111 605 2160; x_wconf 89' lang='lat' dir='ltr'><strong>venient,</strong></span> <span class='ocrx_word' id='word_1_149' title='bbox 626 2110 670 2150; x_wconf 89' lang='lat' dir='ltr'><strong>hi</strong></span> <span class='ocrx_word' id='word_1_150' title='bbox 687 2110 835 2164; x_wconf 88' lang='lat' dir='ltr'><strong>partim</strong></span> <span class='ocrx_word' id='word_1_151' title='bbox 854 2110 1060 2164; x_wconf 81' lang='lat' dir='ltr'><strong>aperient3</strong></span> 
     </span>
    </p>

    <p class='ocr_par' dir='ltr' id='par_1_14' title="bbox 34 2176 1164 2298">
     <span class='ocr_line' id='line_1_26' title="bbox 51 2176 1164 2232; baseline 0.001 -16"><span class='ocrx_word' id='word_1_152' title='bbox 51 2176 102 2217; x_wconf 86' lang='lat' dir='ltr'><strong>In</strong></span> <span class='ocrx_word' id='word_1_153' title='bbox 122 2177 277 2231; x_wconf 87' lang='lat' dir='ltr'><strong>agendo</strong></span> <span class='ocrx_word' id='word_1_154' title='bbox 295 2177 443 2232; x_wconf 81' lang='lat' dir='ltr'><strong>partim</strong></span> <span class='ocrx_word' id='word_1_155' title='bbox 462 2177 674 2217; x_wconf 88' lang='lat' dir='ltr'><strong>ostendent</strong></span> <span class='ocrx_word' id='word_1_156' title='bbox 690 2191 698 2216; x_wconf 92' lang='lat'>:</span> <span class='ocrx_word' id='word_1_157' title='bbox 728 2176 861 2226; x_wconf 87' lang='lat' dir='ltr'><strong>facite,</strong></span> <span class='ocrx_word' id='word_1_158' title='bbox 883 2176 1164 2230; x_wconf 77' lang='lat' dir='ltr'><strong>aequanimitas</strong></span> 
     </span>
     <span class='ocr_line' id='line_1_27' title="bbox 34 2243 961 2298; baseline 0 -14"><span class='ocrx_word' id='word_1_159' title='bbox 34 2243 187 2296; x_wconf 63' lang='lat' dir='ltr'><strong>⁴Poetae</strong></span> <span class='ocrx_word' id='word_1_160' title='bbox 206 2244 259 2286; x_wconf 84' lang='lat' dir='ltr'><strong>ad</strong></span> <span class='ocrx_word' id='word_1_161' title='bbox 276 2244 530 2286; x_wconf 86' lang='lat' dir='ltr'><strong>scribendum</strong></span> <span class='ocrx_word' id='word_1_162' title='bbox 550 2249 695 2298; x_wconf 88' lang='lat' dir='ltr'><strong>augeat</strong></span> <span class='ocrx_word' id='word_1_163' title='bbox 712 2243 961 2286; x_wconf 77' lang='lat' dir='ltr'><strong>industriam,</strong></span> 
     </span>
    </p>
   </div>
   <div class='ocr_carea' id='block_1_6' title="bbox 1468 1588 1518 1623">
    <p class='ocr_par' dir='ltr' id='par_1_15' title="bbox 1468 1588 1518 1623">
     <span class='ocr_line' id='line_1_28' title="bbox 1468 1588 1518 1623; baseline 0.02 -1"><span class='ocrx_word' id='word_1_164' title='bbox 1468 1588 1518 1623; x_wconf 75' lang='lat'><strong>15</strong></span> 
     </span>
    </p>
   </div>
   <div class='ocr_carea' id='block_1_7' title="bbox 1477 1913 1528 1950">
    <p class='ocr_par' dir='ltr' id='par_1_16' title="bbox 1477 1913 1528 1950">
     <span class='ocr_line' id='line_1_29' title="bbox 1477 1913 1528 1950; baseline 0 0"><span class='ocrx_word' id='word_1_165' title='bbox 1477 1913 1528 1950; x_wconf 81' lang='lat'><strong>20</strong></span> 
     </span>
    </p>
   </div>
  </div>
 </body>
</html>
