1670 3080
106 131 201 178 104
501 148 746 180 HEAUTON
783 150 1170 182 TIMORUMENOS.

101 231 208 276 Quin
229 231 297 271 tibi
318 237 437 285 caput
455 232 703 272 demulceam
720 248 728 272 ε
759 235 901 275 accede
921 236 1012 284 huc,
1036 237 1155 289 Syre:

100 298 260 338 Faciam
278 299 372 338 boni
392 299 462 338 tibi
482 299 632 352 aliquid
649 315 722 354 pro
741 302 815 341 ista
834 316 887 351 re,
909 317 954 342 ac
974 303 1126 343 lubens.
1511 308 1559 346 15

98 364 165 403 ΒΥ.
205 365 262 403 At
280 364 313 404 si
332 365 433 404 scias
453 379 572 418 quam
593 367 687 406 scite
706 368 748 407 in
768 375 943 408 mentem
963 371 1128 410 venerit.

99 430 170 469 CA.
211 430 328 469 Vah!
358 431 529 483 gloriare
550 433 727 472 evenisse
748 448 799 474 ex
818 435 1044 474 sententia?

95 496 163 535 ΒΥ.
204 496 297 536 Nou
316 496 449 537 hercle
470 512 575 547 vero,
596 513 735 539 verum
755 501 855 540 dico.
942 502 1016 541 Cn.
1058 502 1135 541 Dic
1155 501 1251 555 quid
1269 503 1358 542 est?

96 563 164 602 ΒΥ.
185 563 262 603 Tui
283 564 517 617 Clitiphonis
537 580 620 605 esse
640 567 809 606 amicam
828 568 931 608 hanc
953 569 1194 609 Bacchidem

92 630 337 670 Menedemo
356 631 456 670 dixit
477 632 627 683 Clinia;
659 639 698 673 et
717 648 764 673 ea
782 635 911 687 gratia
1504 640 1557 677 20

94 697 143 736 Se
164 711 253 737 eam
273 699 504 748 traduxisse,
526 713 577 739 ne
596 706 640 739 tu
658 701 699 740 id
717 702 1034 754 persentisceres.

91 763 165 802 Cn.
198 764 338 804 Probe.
397 765 464 803 ΒΥ.
496 765 573 805 Dic
592 766 718 806 sodes.
778 767 852 806 Cu.
885 768 1078 820 Nimium,
1099 768 1277 822 inquam.
1336 768 1404 809 ΒΥ.
1428 769 1560 810 Immo

249 829 306 869 sic
327 830 433 869 satis.

88 895 168 934 Sed
186 909 303 948 porro
322 896 512 945 ausculta,
536 898 632 950 quid
651 912 769 951 super
787 899 956 939 fallaciae
977 905 1048 940 est.

89 961 140 1000 Se
160 961 303 1001 deinde
323 961 420 1001 dicit
438 968 548 1002 tuam
570 964 715 1003 vidisse
734 965 857 1004 filiam
875 980 884 1004 :

85 1027 183 1081 Ejus
202 1028 276 1067 sibi
296 1029 574 1082 complacitam
593 1031 776 1080 formam,
797 1038 1007 1085 postquam
1027 1033 1248 1087 aspexerit:
1500 1037 1552 1074 25

87 1093 207 1133 Hanc
228 1108 371 1148 cupere
391 1109 570 1135 uxorem.
620 1097 694 1136 Cn.
717 1095 894 1137 Modone
915 1112 1004 1151 quae
1023 1099 1188 1139 inventa
1207 1100 1293 1139 est?
1339 1098 1407 1139 ΒΥ.
1430 1100 1555 1141 Eam:

86 1159 139 1198 Et
157 1160 318 1213 quidem
333 1161 490 1213 jubebit
506 1162 628 1215 posci.
715 1163 790 1202 CH.
830 1165 1100 1208 Quamobrem
1120 1165 1233 1214 istuc,
1255 1164 1383 1219 Syre?

86 1227 195 1267 Nam
214 1242 374 1281 prorsus
392 1229 492 1268 nihil
510 1229 701 1283 intelligo.
786 1231 854 1270 ΒΥ.
895 1231 986 1271 Vah
1003 1232 1013 1271 l
1043 1232 1178 1272 tardus
1198 1246 1251 1272 es.

81 1295 156 1334 Cn.
197 1295 229 1334 F
231 1301 395 1335 ortasse.'
449 1297 515 1336 ΒΥ.
556 1298 782 1349 Argentum
802 1298 959 1336 dabitur
978 1298 1014 1337 ei
1033 1298 1085 1337 ad
1103 1299 1275 1352 nuptias,
1552 1349 1559 1354 ,

79 1363 236 1402 Aurum
257 1368 375 1415 atque
395 1369 544 1402 vestem
565 1364 883 1416 qui—tenesne?
972 1365 1047 1403 Cn.
1088 1366 1331 1418 Comparet‘?
1493 1369 1548 1406 30

79 1428 147 1468 ΒΥ.
188 1429 238 1474 Id
256 1429 399 1482 ipsum.
485 1430 559 1468 Cu.
599 1430 656 1468 At
676 1443 751 1482 ego
769 1429 827 1468 illi
846 1443 976 1483 neque
996 1430 1047 1469 do
1066 1443 1195 1483 neque
1215 1430 1454 1485 despondeo.

78 1493 145 1532 ΒΥ.
185 1493 293 1533 Nam
314 1495 601 1546 quamobrem?
671 1495 746 1534 Cu.
782 1496 1081 1539 Quamobrem?
1108 1510 1173 1536 me
1193 1497 1338 1550 rogas?
1365 1497 1548 1538 homini?
1578 1545 1581 1554 1

241 1559 308 1598 ΒΥ.
349 1560 404 1598 Ut
421 1559 543 1599 lubet.

76 1626 170 1665 Non
191 1639 265 1678 ego
285 1626 476 1675 dicebam,
498 1627 540 1667 in
558 1633 796 1681 perpetuum
815 1634 860 1667 ut
878 1628 987 1668 illam
1006 1628 1064 1668 illi
1084 1629 1197 1669 dares
1214 1643 1224 1669 ε

75 1693 228 1732 Verum
246 1699 292 1732 ut
310 1694 527 1734 simulares.
614 1696 688 1734 Cn.
730 1695 824 1734 Non
843 1696 1029 1735 meum'st
1048 1695 1246 1736 simulatio
1263 1710 1273 1735 :

75 1762 140 1800 Ita
159 1765 203 1799 tu
222 1760 331 1799 istaec.
352 1766 420 1800 tua
438 1761 616 1811 misceto,
637 1776 688 1802 ne
707 1776 773 1802 me
793 1763 1026 1802 admisceas.
1493 1768 1549 1805 35

74 1826 173 1879 Ego,
196 1827 260 1865 cui
280 1827 443 1867 daturus
463 1842 543 1867 non
565 1843 664 1877 sum,
686 1835 732 1868 ut
750 1830 786 1868 ei
807 1818 1075 1883 despondeam
1091 1831 1109 1870 ’ἶ

75 1892 141 1931 ΒΥ.
183 1892 415 1932 Credebam.
502 1895 576 1933 Cn.
618 1894 803 1934 Minime.
889 1897 956 1935 ΒΥ.
998 1897 1102 1936 Scite
1121 1902 1276 1951 poterat
1293 1897 1381 1939 fieri
1397 1913 1407 1938 ε

74 1958 127 1998 Et
147 1973 221 2012 ego
241 1959 327 2009 hoc,
351 1961 444 2013 quia
463 1961 613 2000 dudum
634 1967 677 2001 tu
696 1967 902 2015 tantopere
916 1963 1106 2015 jusseras,

77 2025 138 2064 Eo
157 2026 273 2079 coepi.
359 2027 435 2066 Cn.
476 2028 614 2067 Credo.
705 2028 773 2067 ΒΥ.
813 2028 1000 2067 Ceterum
1020 2029 1205 2080 equidem
1223 2029 1339 2080 istuc,
1360 2030 1544 2080 Chreme,

71 2092 194 2146 AEqui
213 2092 385 2145 bonique
404 2094 519 2133 facio.
606 2094 681 2133 Cn.
722 2094 848 2146 Atqui
867 2108 958 2134 cum
977 2109 1166 2136 maxume
1491 2101 1546 2139 40

71 2159 187 2208 Volo,
198 2165 247 2199 te
267 2160 360 2200 dare
380 2174 552 2213 operam,
574 2166 621 2200 ut
639 2161 721 2209 fiat,
742 2175 881 2200 verum
901 2161 979 2201 alia
998 2163 1076 2203 via.

70 2227 138 2266 ΒΥ.
179 2227 290 2266 Fiat:
321 2233 522 2281 quaeratur
535 2228 660 2277 aliud,
683 2229 754 2268 sed
772 2228 881 2278 illud,
904 2230 1010 2282 quod
1029 2230 1102 2270 tibi

71 2294 168 2333 Dixi
183 2294 232 2333 de
253 2300 430 2347 argento,
453 2295 560 2348 quod
578 2295 655 2334 ista
673 2295 792 2335 debet
810 2297 1013 2346 Bacchidi,

71 2361 121 2400 Id
139 2375 247 2400 nunc
263 2361 564 2401 reddendum’st
582 2362 639 2401 illi
656 2377 664 2402 ε
694 2348 824 2416 neque
844 2369 888 2403 tu
908 2365 1059 2405 scilicet

70 2428 130 2467 Eo
149 2441 256 2467 nunc
277 2428 493 2481 confugieS,
517 2429 613 2481 quid
630 2431 747 2469 mea?
774 2444 873 2470 num
892 2431 992 2471 mihi
1012 2432 1229 2473 datum’st?
1487 2436 1541 2474 45

70 2494 181 2534 Num
195 2495 323 2548 jussi?
351 2509 450 2534 num
469 2496 538 2535 illa
558 2496 819 2550 oppignerare
839 2497 963 2537 filiam

70 2562 209 2602 Meam
228 2577 293 2602 me
313 2563 440 2603 invito
459 2564 619 2616 potuit?
646 2579 738 2604 vere
758 2565 868 2614 illud,
891 2566 1072 2615 Chreme,

70 2629 234 2678 Dicunt,
251 2630 319 2682 jus
338 2644 540 2670 summum
561 2645 666 2684 saepe
687 2646 843 2671 summa
863 2638 922 2671 est
941 2633 1106 2672 malitia.

71 2696 145 2735 Cn.
185 2696 310 2735 Haud
327 2697 485 2736 faciam.
572 2698 640 2736 ΒΥ.
681 2698 812 2738 Immo
833 2698 919 2737 aliis
939 2699 972 2737 si
991 2699 1094 2748 licet,
1116 2699 1189 2739 tibi
1207 2713 1288 2739 non
1306 2699 1410 2740 licet.

70 2762 222 2801 Omnes
243 2767 281 2801 te
300 2762 342 2800 in
362 2761 471 2801 lauta
491 2777 574 2802 esse
595 2769 635 2802 et
653 2765 755 2803 bene
775 2770 891 2803 aucta
910 2778 952 2804 re
972 2771 1125 2818 putant.
1485 2767 1541 2806 50

70 2827 144 2866 Cn.
185 2827 293 2872 Quin
313 2835 471 2881 egomet
485 2829 572 2882 jam
591 2830 644 2869 ad
663 2844 752 2870 eam
773 2830 964 2873 deferam.
1053 2832 1121 2871 ΒΥ.
1163 2831 1295 2871 Immo
1313 2830 1440 2872 filium
