1670 3080
497 158 656 190 ACTUS
692 157 760 190 1v.
830 156 997 190 SCENA
1032 158 1100 189 VI.
1503 141 1565 188 63

95 240 175 282 Sed
193 240 315 282 Thais
333 241 460 282 multo
478 256 543 282 me
564 242 796 282 antevenit?
879 241 952 280 ΡΥ.
993 241 1114 280 Anne
1135 240 1232 280 abiit
1244 240 1332 293 jam
1351 253 1375 280 a
1394 240 1549 280 milite?

92 308 168 349 Cn.
208 309 235 349 J
236 309 454 349 amdudum
472 324 481 348 ε
512 314 695 349 aetatem:
725 308 815 347 lites
834 308 953 347 factae
973 313 1067 346 sunt
1084 307 1191 346 inter
1210 319 1276 345 eos
1295 317 1510 345 maxumae.

93 375 166 415 Pr.
206 376 277 416 Nil
302 375 415 425 dixit,
444 382 488 415 tu
520 382 566 416 ut
594 385 802 429 sequerere
829 362 945 415 sese?
1030 375 1104 414 Cu.
1137 373 1218 423 Nil,
1240 373 1316 413 nisi
1342 372 1481 412 abiens
1510 373 1567 412 mi

256 443 399 483 innuit.
771 442 778 448 ”

91 508 164 550 Pr.
204 510 304 560 Eho,
326 524 462 551 nonne
482 510 524 550 id
543 515 604 550 sat
623 510 736 550 erat?
811 510 886 549 CH.
918 508 975 548 At
993 507 1209 558 nescibam,
1230 507 1273 547 id
1291 507 1423 547 dicere
1442 505 1564 554 illam,

252 577 328 618 nisi
348 578 442 631 quia
1517 576 1566 612 10

89 643 271 683 Correxit
289 644 415 693 miles,
434 643 543 696 quod
562 641 744 682 intellexi
760 642 894 682 minus
912 656 920 682 :
950 644 1046 681 nani
1066 655 1131 681 me
1151 639 1320 680 extrusit
1337 639 1455 680 foras.

29 709 35 714 ’
90 711 169 751 Sed
187 725 325 752 eccam
344 712 472 766 ipsam
489 726 498 752 ε
524 711 648 751 miror
663 710 732 751 ubi
749 723 825 764 ego
852 709 947 750 huic
967 708 1264 750 antevorterim.

508 903 688 943 ACTUS
719 903 794 943 IV.
855 903 1038 945 SCENA
1069 902 1144 943 VI.

469 1006 615 1046 TnAxs.
689 1006 905 1045 CHREMES.
979 1005 1181 1045 Pyrums.

89 1109 166 1149 ΤΗ.
203 1109 331 1149 Credo
351 1107 548 1162 equidem,
569 1107 684 1147 illmn
698 1108 785 1162 jam
808 1108 1050 1157 adfuturum,
1070 1113 1118 1147 ut
1135 1107 1246 1148 illam
1265 1121 1290 1147 a
1308 1120 1374 1148 me
1393 1106 1562 1162 eripiat;

251 1175 336 1215 sine
356 1174 502 1215 veniat.

86 1242 214 1295 Atqui
233 1242 266 1280 si
284 1241 395 1282 illam
416 1241 540 1294 digito
560 1241 745 1294 attigerit,
767 1240 871 1280 oculi
889 1240 947 1279 illi
966 1240 1073 1280 illico
1093 1239 1340 1281 effodientur.

85 1308 222 1362 Usque
243 1308 342 1348 adeo
359 1307 465 1348 illius
483 1308 586 1348 ferre
605 1322 766 1362 possum
786 1308 980 1362 ineptiam
1000 1314 1040 1347 et
1058 1308 1274 1361 magnifica
1293 1309 1426 1356 verba,

87 1374 222 1414 Verba
240 1375 336 1414 dum
356 1374 457 1414 sint:
489 1388 627 1414 verum
648 1375 679 1414 si
700 1374 751 1414 ad
769 1388 855 1413 rem
875 1375 1141 1422 conferentur,
1162 1373 1380 1427 vapulabit.

88 1442 166 1482 Cn.
201 1441 334 1490 Thais,
357 1455 431 1494 ego
445 1441 532 1494 jam
552 1441 704 1481 dudum
722 1441 787 1481 hic
808 1441 961 1480 adsum.
1038 1441 1117 1481 ΤΗ.
1150 1442 1198 1490 O,
1221 1440 1277 1480 mi
1298 1440 1499 1489 Chremes,
1523 1445 1562 1480 te

249 1510 381 1562 ipsum
401 1514 556 1562 expeto.
1534 1509 1560 1547 5

87 1577 192 1617 Scin'
213 1582 268 1625 tu,
299 1577 456 1616 turbam
488 1576 594 1615 hanc
630 1581 792 1629 propter
830 1580 867 1614 te
907 1588 991 1614 esse
1025 1574 1202 1614 factam?
1231 1580 1271 1613 et
1303 1574 1403 1614 adeo
1437 1574 1488 1614 ad
1522 1580 1560 1613 te

250 1643 417 1683 attinere
436 1643 541 1682 hanc

86 1712 261 1751 Omnem
290 1710 406 1750 rem?
490 1710 574 1749 Cn..
600 1709 669 1748 Ad
696 1709 791 1748 me?
819 1709 899 1762 qui,
931 1722 1076 1762 quaeso,
1107 1708 1238 1747 istuc?
1322 1708 1400 1748 ΤΗ.
1442 1708 1557 1756 Quia,

249 1775 346 1815 dum
366 1775 438 1815 tibi
457 1789 631 1814 sororem
651 1774 790 1814 studeo

85 1842 269 1882 Reddere
290 1856 335 1882 ac
355 1842 574 1891 restituere,
595 1841 684 1881 haec
703 1847 822 1895 atque
842 1841 1072 1894 hujusmodi
1091 1855 1178 1881 sum
1198 1841 1327 1881 multa
1345 1855 1473 1895 passa.

85 1911 161 1950 Cu.
183 1909 263 1950 Ubi
283 1909 407 1949 ea'st?
452 1909 530 1948 ΤΗ.
553 1909 676 1948 Domi
695 1908 802 1961 apud
820 1922 898 1948 me.
954 1909 1029 1947 Cu.
1053 1909 1190 1948 Hem!
1250 1909 1329 1948 ΤΗ.
1353 1909 1460 1954 Quid
1474 1910 1560 1948 est?

86 1976 242 2017 Educta
260 1977 326 2024 ita,
348 1976 406 2015 uti
426 1982 543 2029 teque
562 1975 711 2028 illaque
732 1975 963 2028 dignum’st.
1025 1976 1099 2015 Cn.
1131 1976 1239 2021 Quid
1259 1976 1346 2016 ais?
1401 1976 1478 2015 ΤΗ.
1511 1976 1561 2015 Id

249 2043 355 2097 quod
374 2057 435 2082 res
455 2047 538 2082 est:
1509 2045 1559 2082 10

86 2111 207 2152 Hanc
227 2111 298 2150 tibi
320 2111 426 2150 dono
446 2110 509 2159 do,
530 2123 661 2163 neque
681 2113 817 2163 repeto
836 2123 909 2162 pro
928 2108 998 2149 illa
1017 2109 1231 2163 quicquam
1250 2110 1320 2150 abs
1340 2115 1379 2149 te
1398 2110 1512 2164 preti,

85 2180 161 2220 C1-1.
202 2179 255 2218 Et
272 2178 443 2218 habetur
462 2183 502 2217 et
519 2179 725 2226 referetur,
748 2177 881 2226 Thais,
904 2177 971 2226 ita,
992 2177 1052 2216 uti
1070 2177 1214 2217 merita
1233 2192 1286 2226 eS,
1307 2178 1448 2230 gratia.

85 2247 163 2288 ΤΗ.
204 2248 263 2287 At
281 2247 390 2286 enim
409 2260 517 2294 cave,
544 2259 597 2285 ne
625 2245 746 2299 priuS,
773 2258 895 2299 quam
922 2244 1028 2285 hanc
1047 2258 1072 2285 a
1090 2258 1155 2285 me
1175 2246 1359 2299 accipias,
1382 2245 1555 2293 amittas,

251 2313 420 2353 Chreme
439 2327 447 2352 :

85 2382 194 2422 Nam
211 2381 300 2421 haec
320 2380 429 2430 ea’st,
451 2393 572 2434 quam
590 2379 705 2420 miles
725 2393 749 2419 a
766 2393 832 2419 me
851 2379 891 2418 vi
910 2393 1018 2420 nunc
1039 2384 1220 2433 ereptum
1239 2380 1360 2420 venit.

86 2449 168 2489 Abi
186 2455 241 2498 tu,
263 2447 467 2495 cistellam,
490 2447 665 2500 Pythias,
688 2447 807 2486 domo
827 2446 924 2485 effer
942 2460 1034 2487 cum
1054 2447 1337 2487 monumentis.
1508 2448 1554 2486 15

87 2516 162 2557 Cn.
202 2514 348 2556 Viden’
370 2520 414 2554 tu
431 2514 556 2562 illum,
579 2513 732 2553 Thais?
816 2513 889 2552 ΡΥ.
931 2513 1011 2553 Ubi
1031 2513 1182 2553 sita’st?
1251 2514 1330 2555 ΤΗ.
1370 2514 1422 2554 In
1442 2513 1556 2554 risco.

254 2583 404 2623 Odiosa
422 2581 580 2621 cessas?

87 2651 163 2691 Cn.
205 2650 378 2690 Militem
398 2663 538 2689 secum-
554 2648 605 2688 ad
624 2653 662 2688 te
683 2652 850 2701 quantas
870 2648 1002 2701 copias
1022 2648 1246 2689 adducere?

89 2719 226 2760 Attat!
274 2719 351 2758 ΤΗ.
374 2718 485 2758 Num
504 2716 794 2763 formidulosus,
809 2715 982 2764 obsecro,
1005 2729 1057 2764 es,
1078 2716 1135 2755 mi
1153 2716 1304 2756 homo?
1351 2716 1426 2756 Cn.
1450 2716 1558 2759 Ana-

249 2786 365 2840 gesis.

89 2853 218 2909 Egon'
238 2853 542 2894 formidulosus?
569 2851 739 2891 nemo’st
756 2850 977 2901 hominum,
1000 2851 1068 2904 qui
1087 2850 1206 2901 vivat,
1228 2851 1374 2891 minus
