1670 3080
102 146 156 194 11
165 146 196 192 Ο
500 166 746 199 HEAUTON
783 166 1167 199 TIMORUMENOS.

96 244 211 284 Adeo
229 258 394 299 pexum,
415 264 540 304 usque
560 258 604 291 ut
622 252 718 292 dum
737 252 855 302 vivat,
875 252 1105 292 meminerit
1123 265 1280 305 semper
1297 251 1400 303 mei;

96 311 176 355 Qui
195 310 274 354 sibi
291 330 356 355 me
376 330 447 370 pro
466 317 681 358 den'diculo
701 333 746 358 ac
765 319 1051 359 delectamento
1069 324 1196 372 putat.

99 381 205 430 Non,
227 383 282 422 ita
300 397 364 422 me
386 384 439 422 Di
459 391 605 434 ament,
627 386 791 425 auderet
807 385 938 425 facere
957 385 1044 425 haec
1065 385 1195 426 viduae
1213 384 1382 434 mulieri,
1511 389 1564 431 80

100 448 202 493 Quae
222 450 263 488 in
283 464 347 490 me
366 451 474 491 fecit.

547 651 724 690 ACTUS
755 651 805 691 V.
864 651 1045 691 SCENA
1075 651 1135 692 ΙΙ.

319 751 534 791 Cmru‘no.
592 751 877 792 Mstnnsws.
935 753 1149 793 Cnnmms.
1208 754 1355 795 Suus.

377 854 447 893 CL.
488 854 603 894 Itane
623 854 797 903 tandem,
820 868 965 908 quaeso,
988 861 1058 903 est,
1081 855 1333 904 Menedeme‚
1353 861 1400 896 ut
1415 862 1528 910 pater

99 919 200 959 Tam
219 919 260 959 in
279 919 392 959 brevi
411 921 537 974 spatio
557 935 716 960 omnem
736 921 785 960 de
805 935 870 960 me
891 921 1050 974 ejecerit
1068 923 1247 962 animum
1266 924 1416 976 patris?

98 984 310 1029 Quodnam
330 985 379 1023 ob
399 985 582 1024 facinus?
610 984 706 1037 quid
726 999 800 1037 ego
820 990 976 1025 tantum
996 986 1153 1026 sceleris
1171 987 1313 1027 admisi
1330 989 1480 1028 miser?

99 1049 228 1102 Volgo
248 1050 408 1090 faciunt.
485 1050 572 1089 ΜΕ.
608 1050 708 1098 Scio,
731 1050 802 1089 tibi
822 1064 906 1090 esse
925 1051 1000 1091 hoc
1019 1052 1178 1104 gravius
1197 1053 1324 1093 multo
1343 1067 1390 1094 ac
1409 1054 1557 1103 durius,

98 1116 171 1155 Cui
191 1115 260 1154 fit:
291 1130 429 1155 verum
449 1130 523 1169 ego
542 1116 650 1155 haud
669 1117 800 1156 minus
819 1130 925 1170 aegre
944 1118 1099 1170 patior:
1129 1118 1171 1158 id
1190 1119 1270 1172 qui,
1291 1119 1426 1159 nescio
1534 1122 1559 1159 5

96 1182 183 1222 Nec
201 1183 396 1222 rationem
416 1183 539 1236 capio,
560 1183 637 1222 nisi
656 1183 762 1237 quod
781 1184 851 1223 tibi
869 1185 971 1225 bene
991 1198 1042 1224 ex
1061 1185 1196 1225 animo
1214 1186 1315 1226 volo.

96 1248 165 1289 CL.
207 1249 285 1288 Hic
313 1255 468 1302 patrem
498 1254 625 1288 astare
656 1249 792 1289 aibas?
874 1250 961 1289 Mn.
1002 1250 1165 1290 Eccum.
1251 1252 1326 1291 Cn.
1366 1250 1475 1296 Quid
1493 1264 1558 1291 me

255 1317 423 1364 incusas,
448 1315 649 1368 Clitipho?

95 1382 294 1436 Quicquid
313 1396 386 1436 ego
404 1382 522 1435 hujus
540 1382 628 1429 feci,
650 1381 721 1421 tibi
739 1381 925 1435 prospexi
944 1387 985 1421 et
1003 1382 1179 1422 stultitiae
1199 1388 1291 1422 tuae.

95 1449 173 1489 Ubi
192 1456 231 1489 te
251 1450 331 1489 vidi
351 1450 485 1489 animo
507 1463 591 1488 esse
612 1449 767 1496 omisso,
790 1455 830 1488 et
848 1449 985 1488 suavia
1003 1449 1044 1488 in
1063 1450 1277 1502 praesentia

95 1518 195 1561 Quae
216 1523 356 1566 essent,
377 1516 508 1571 prima
527 1517 684 1565 habere,
705 1529 835 1570 neque
855 1516 1057 1556 consulere
1076 1516 1119 1556 in
1138 1516 1448 1570 longitudinem:
1507 1519 1557 1556 10

95 1583 191 1636 Cepi
210 1583 415 1631 rationem,
435 1587 481 1621 ut
499 1595 629 1634 neque
650 1594 797 1634 egeres,
819 1595 949 1634 neque
969 1587 1013 1621 ut
1029 1581 1117 1621 haec
1135 1595 1270 1635 posses
1287 1583 1466 1636 perdere.

93 1650 184 1699 Ubi,
206 1650 269 1690 cui
289 1650 421 1690 decuit
438 1649 578 1703 primo,
600 1649 671 1688 tibi
690 1661 772 1688 non
790 1648 903 1688 licuit
920 1662 991 1702 per
1011 1655 1048 1688 te
1068 1649 1167 1688 mihi
1186 1650 1281 1690 dare
1297 1664 1307 1698 ;

93 1718 189 1757 Abii
208 1718 258 1757 ad
277 1731 503 1770 proxumos,
525 1717 597 1756 tibi
616 1716 684 1769 qui
704 1721 818 1756 erant
834 1730 842 1754 z
873 1716 930 1754 eis
949 1716 1129 1755 commisi
1148 1721 1188 1755 et
1205 1715 1366 1756 credidi.

94 1784 158 1823 Ibi
178 1790 257 1823 tuae
272 1782 453 1823 'stultitiae
473 1797 629 1836 semper
649 1783 723 1822 erit
740 1781 981 1836 praesidium,
1005 1782 1188 1836 Clitipho,

91 1852 242 1899 Victus,
264 1851 438 1897 vestitus,
461 1864 538 1904 quo
557 1850 598 1889 in
619 1854 768 1889 tectum
787 1855 826 1888 te
845 1854 1034 1902 receptes.
1111 1849 1181 1888 Cr..
1221 1848 1303 1888 Hei
1320 1847 1445 1888 mihi!
1505 1850 1553 1887 15
1625 1898 1628 1902 ⁴

92 1921 167 1959 Cn.
208 1919 337 1958 Satius
357 1924 425 1966 est,
447 1931 566 1970 quam
586 1922 624 1956 te
644 1916 730 1969 ipso
748 1915 907 1956 haerede
927 1915 1015 1955 haee
1034 1915 1235 1968 possidere
1255 1914 1508 1955 Bacchidem.

92 1988 159 2026 Sr.
199 1984 393 2038 Disperii:
424 1983 609 2027 scelestus
629 1987 796 2036 quantas
815 1982 949 2021 turbas
969 1981 1123 2020 concivi
1141 1981 1336 2020 insciens!

92 2053 162 2094 Cr„
201 2051 337 2091 Emori
357 2050 483 2103 cupio.
569 2049 644 2088 Cn.
684 2047 810 2095 Prius,
833 2060 978 2099 quaeso,
1000 2046 1119 2094 disce,
1140 2046 1237 2098 quid
1255 2046 1306 2086 sit
1324 2045 1479 2086 vivere:

92 2119 170 2159 Ubi
190 2119 299 2167 scies,
322 2118 355 2157 si
372 2115 596 2170 displicebit
614 2115 706 2161 vita,
729 2120 815 2153 tum
834 2114 932 2153 istoc
950 2113 1085 2152 utitor.

93 2188 159 2225 SY.
192 2185 313 2232 Here,
333 2182 506 2223 licetne?
563 2181 637 2220 Cu.
670 2179 863 2231 Loquere.
922 2179 988 2218 SY.
1010 2179 1068 2218 At
1086 2179 1194 2218 tuto?
1249 2178 1325 2218 Cu.
1357 2178 1550 2231 Loquere.

255 2251 321 2290 SY.
366 2250 466 2294 Quae
485 2248 593 2287 istaec
613 2246 796 2299 pravitas,
1499 2247 1552 2284 20

93 2321 243 2363 Quaeve
256 2315 429 2357 amentia
441 2320 510 2362 est,
529 2312 633 2366 quod
647 2311 809 2365 peccavi
824 2324 909 2363 ego,
926 2310 968 2350 id
982 2310 1116 2350 obesse
1130 2310 1254 2351 huic?
1298 2311 1375 2351 Cn.
1396 2309 1550 2350 micet:

94 2386 157 2425 Ne
177 2391 214 2424 te
235 2383 406 2424 admisce
424 2397 431 2421 :
461 2394 581 2420 nemo
601 2383 770 2426 accusat,
794 2378 901 2430 Syre,
923 2382 961 2415 te
978 2391 988 2425 ;
1018 2390 1093 2417 nec
1112 2382 1157 2417 tu
1175 2391 1287 2417 aram
1305 2376 1388 2426 tibi,

95 2455 180 2493 Nec
198 2458 443 2506 precatorem
462 2447 623 2502 pararis.
700 2447 766 2486 Sr.
806 2445 912 2490 Quid
930 2445 1045 2498 agis?
1121 2446 1196 2485 Cn.
1236 2444 1307 2484 Nil
1325 2455 1548 2488 succenseo.

96 2521 180 2560 Nec
201 2520 283 2567 tibi,
300 2523 379 2558 ‘nec
400 2517 471 2556 tibi
488 2531 496 2555 ε
526 2527 600 2554 nec
620 2527 690 2553 vos
710 2518 769 2552 est
787 2526 955 2565 aequom,
978 2512 1084 2565 quod
1102 2512 1204 2552 facio
1222 2511 1334 2552 mihi.

96 2588 161 2626 Sr.
201 2585 341 2626 Abiit?
371 2596 530 2636 rogasse
548 2580 703 2619 vellem.
789 2579 857 2618 CL.
898 2578 1015 2626 Quid,
1039 2579 1167 2631 Syre?
1250 2579 1317 2618 SY.
1357 2577 1475 2618 Unde
1494 2579 1551 2618 mi

255 2658 434 2706 peterem
454 2650 586 2688 cibum
603 2662 612 2687 ε
1497 2648 1549 2685 25

96 2722 160 2761 Ita
176 2734 250 2760 nos
269 2717 531 2758 abalienavit:
561 2715 632 2754 tibi
645 2714 731 2767 jam
751 2727 833 2753 esse
854 2714 905 2753 ad
924 2726 1098 2753 sororem
1116 2712 1305 2767 intelligo.

96 2790 165 2828 Cr..
204 2786 359 2827 Adeon’
389 2798 474 2824 rem
505 2782 676 2829 rediisse,
706 2786 751 2820 ut
780 2780 973 2834 periclum
1011 2780 1132 2820 etiam
1164 2794 1190 2821 a
1218 2781 1325 2820 fame
1355 2778 1456 2819 mihi
1487 2779 1553 2829 sit,
1577 2816 1586 2824 ,
1668 2765 1670 2776 ⁴

257 2854 353 2907 Syre
367 2853 384 2891 2
