1670 3080
498 130 656 162 ACTUS
693 129 737 160 v.
809 128 969 161 SCENA
1006 129 1062 160 11.
1438 114 1534 166 177

68 217 141 259 LA.
166 216 316 271 Lepida
332 230 396 256 es:
418 224 488 265 sed
503 216 611 264 scin’,
629 214 725 268 quid
740 213 830 254 volo
844 214 974 267 potius
990 213 1103 253 sodes
1117 212 1270 253 facias?
1302 212 1377 253 Bi.
1400 215 1507 258 Quid
1520 216 1536 254 ’ἱ

226 284 335 323 cedo.

66 351 139 391 LA.
180 351 258 390 Eas
276 351 328 390 ad
346 350 531 390 mulieres
549 349 628 389 huc
648 349 764 398 intro,
786 354 904 402 atque
923 348 1025 388 istuc
1039 347 1322 401 jusjurandum
1339 347 1449 388 idem

63 417 279 458 Polliceare
298 416 398 456 illis:
429 416 544 469 exple
564 416 744 455 animum
763 415 822 463 iis,
844 420 961 467 teque
980 414 1055 454 hoc
1075 414 1241 454 crimine
1262 414 1417 468 expedi.

64 484 138 524 ΒΑ.
178 483 339 523 Faciam
356 497 365 521 ε
397 483 503 536 quod
521 482 599 535 pol,
621 482 655 521 si
675 487 778 521 esset
795 481 874 521 alia
893 494 944 521 ex
962 486 1118 534 quaestu
1135 480 1224 530 hoc,
1245 480 1355 522 haud
1370 480 1533 529 faceret,

225 550 316 599 scio,
1480 550 1535 588 30

63 617 119 658 Ut
137 617 186 657 de
206 617 275 657 tali
295 631 413 656 causa
431 622 570 670 nuptae
589 615 747 655 mulieri
766 630 807 656 se
827 616 1062 656 ostenderet.

64 684 142 724 Sed
159 684 252 724 nolo
272 697 355 723 esse
374 683 474 722 falsa
491 683 600 722 sama
618 688 786 735 gnatum
806 687 1033 735 suspectum
1053 687 1167 722 tuum
1182 695 1193 730 ;

63 751 150 791 Nec
169 751 358 791 leviorem
378 750 501 798 vobis,
524 750 666 802 quibus
685 754 745 789 est
764 750 944 790 minume
964 763 1134 802 aequom,
1155 747 1328 788 viderier

65 820 271 859 Immerito
288 834 296 859 :
318 833 412 859 nam
426 819 591 858 meritus
606 818 654 858 de
669 832 734 857 me
751 824 820 867 est,
839 818 946 871 quod
961 831 1118 871 queam,
1134 817 1193 856 illi
1207 823 1253 856 ut
1268 815 1532 857 commodem.

65 886 140 926 LA.
180 886 356 926 Facilem
374 885 683 939 benivolumque
702 885 840 938 lingua
860 890 929 923 tua
942 883 1028 936 jam
1048 883 1120 923 tibi
1139 897 1204 923 me
1224 882 1423 923 reddidit:
1480 885 1532 923 35

63 953 171 992 Nam
190 966 271 992 non
291 958 385 992 sunt
403 953 497 992 solae
517 953 715 992 arbitratae
735 951 842 990 haee:
867 965 941 1004 ego
956 964 1113 1004 quoque
1133 951 1254 990 etiam
1273 950 1350 991 hoc
1370 950 1531 991 credidi.

64 1018 184 1058 Nunc
203 1033 294 1058 cum
315 1032 389 1071 ego
409 1024 447 1058 te
468 1032 552 1057 esse
571 1024 717 1071 praeter
735 1023 911 1057 nostram
933 1017 1162 1071 opinionem
1182 1017 1370 1070 comperi,

65 1085 155 1133 Fac,
178 1085 316 1124 eadem
335 1091 381 1124 ut
400 1085 450 1124 sis
469 1098 586 1137 porro
603 1099 612 1124 ε
642 1089 777 1123 nostra
795 1090 906 1123 utere
927 1084 1112 1132 amicitia,
1134 1089 1179 1122 ut
1198 1083 1306 1123 voles
1323 1097 1332 1123 :

64 1150 194 1191 Aliter
213 1151 371 1191 si—sed
389 1151 603 1204 reprimam
623 1165 700 1199 me,
722 1165 773 1190 ne
794 1164 900 1203 aegre
921 1151 1133 1204 quicquam
1154 1164 1206 1190 ex
1224 1165 1290 1190 me
1309 1150 1470 1191 audias:

64 1217 217 1257 Verum
262 1217 352 1264 hocf
385 1223 424 1257 te
470 1230 615 1256 moneo
661 1230 800 1266 unum,
839 1216 966 1269 qualis
1009 1217 1084 1257 sim
1124 1217 1288 1267 amicus,
1327 1223 1397 1258 aut
1438 1216 1535 1271 quid

225 1285 408 1338 possiem,
1479 1287 1534 1324 40

65 1350 201 1390 Potius
220 1363 340 1404 quam
358 1350 553 1398 inimicus,
574 1349 768 1403 periclum
787 1349 921 1389 facias.

503 1549 681 1589 ACTUS
712 1549 762 1589 V.
823 1549 1004 1589 SCENA
1035 1550 1093 1589 II.

422 1654 665 1694 anlPPUS.
724 1654 904 1694 LAclms.
963 1655 1159 1695 BAccms.

1048 1756 1123 1795 Pu.
1164 1755 1234 1796 Nil
1253 1757 1360 1811 apud
1377 1771 1442 1799 me
1462 1758 1534 1801 tibi

67 1821 220 1863 Defieri
237 1819 389 1875 patiar:
420 1820 528 1873 quin,
550 1820 657 1873 quod
676 1825 745 1869 est,
766 1820 940 1873 benigne
957 1822 1194 1874 praebeatur.

0 1936 2 1938 v
69 1890 147 1930 Sed
165 1895 210 1929 tu
228 1903 319 1928 cum
338 1893 470 1927 satura
488 1893 606 1940 atque
627 1887 735 1926 ebria
753 1902 806 1936 eS‚
828 1894 869 1927 et
886 1902 986 1941 puer
1003 1894 1049 1928 ut
1067 1895 1175 1929 satur
1194 1890 1255 1939 sit,
1275 1890 1407 1931 facito.

68 1957 144 1996 LA.
184 1956 331 1995 Noster
349 1969 469 2003 socer,
490 1954 618 2002 video,
639 1954 773 1993 venit:
803 1954 999 1994 nutricem
1018 1968 1143 2008 puero
1162 1956 1334 1996 adducit.

67 2023 275 2077 Phidippe,
315 2021 481 2062 Bacchis
530 2021 682 2073 dejerat
724 2027 943 2074 persancte.
1053 2023 1129 2063 ΡΗ.
1170 2023 1365 2064 Haeccine
1410 2025 1535 2065 ea’st?

231 2089 305 2128 LA.
346 2088 448 2127 Haec
467 2092 535 2126 est.
1508 2096 1532 2132 5

69 2156 145 2196 ΡΗ.
167 2155 254 2195 Nee
273 2154 340 2208 pol
358 2155 444 2194 istae
462 2160 648 2194 metuunt
667 2154 797 2195 Deos:
818 2168 948 2209 neque
963 2156 1035 2196 has
1048 2157 1243 2211 respicere
1259 2158 1367 2200 Deos
1382 2159 1532 2214 opinor.

70 2223 147 2263 BA.
175 2221 354 2261 Ancillas
373 2221 474 2260 dedo
491 2235 500 2259 :
531 2220 721 2274 quolubet
740 2221 917 2261 cruciatu
935 2236 1007 2276 per
1026 2237 1091 2263 me
1113 2225 1289 2278 exquire.

41 2287 44 2291 ’
72 2289 175 2330 Haec
193 2302 257 2328 res
274 2288 339 2328 hic
358 2287 489 2341 agitur
506 2301 514 2326 ε
546 2287 755 2341 Pamphilo
774 2302 840 2327 me
859 2289 990 2329 faeere
1008 2295 1054 2329 ut
1071 2290 1209 2331 redeat
1225 2305 1338 2341 uxor,

73 2358 264 2413 Oportet:
295 2355 401 2409 quod
419 2355 453 2394 si
473 2354 649 2403 effecero,
670 2368 751 2394 non
771 2355 939 2408 poenitet
956 2370 1022 2396 me
1041 2357 1172 2406 famae,

73 2421 205 2462 Solam
223 2422 361 2461 fecisse
381 2421 433 2470 id,
455 2421 561 2473 quod
580 2420 668 2459 aliae
687 2421 913 2461 meretrices
930 2422 1060 2462 facere
1078 2423 1263 2477 fugitant.
1486 2427 1536 2466 10

76 2489 150 2529 LA.
188 2489 396 2542 Phidippe‚
416 2494 570 2528 nostras
587 2487 772 2528 mulieres
791 2494 992 2541 suspectas
1009 2489 1129 2529 fuisse
1148 2490 1248 2530 falso

74 2555 211 2604 Nobis,
231 2555 274 2596 in
292 2568 334 2594 re
354 2555 440 2607 ipsa
458 2554 683 2593 invenimus
699 2562 720 2593 ε’
738 2567 855 2607 porro
872 2553 978 2594 hanc
996 2569 1104 2595 nunc
1124 2556 1388 2610 experiamur.

74 2621 182 2662 Nam
201 2620 234 2660 si
254 2620 490 2674 compererit
508 2619 664 2660 crimini
683 2624 751 2660 tua
770 2633 811 2659 se
830 2634 932 2660 uxor
950 2621 1174 2672 credidisse,

75 2688 242 2729 Missam
259 2688 361 2728 iram
380 2687 522 2727 faciet:
553 2687 614 2727 sin
633 2691 767 2728 autem
787 2692 846 2726 est
864 2688 915 2727 ob
934 2701 1024 2728 eam
1042 2703 1127 2729 rem
1147 2690 1269 2730 iratus
1287 2696 1443 2744 gnatia,

0 2763 1 2776 ¹
75 2756 194 2802 Quod
228 2755 384 2810 peperit
412 2769 515 2795 uxor
546 2754 660 2804 clam,
699 2754 741 2795 id
776 2755 941 2797 leve’st:
980 2757 1059 2797 cito
1096 2759 1146 2799 ab
1178 2773 1226 2799 eo
1257 2759 1345 2800 haec
1377 2761 1437 2801 ira
1467 2761 1538 2801 ab·

237 2822 383 2863 scedet.
595 2827 598 2832 ’
1484 2830 1534 2869 15

780 2903 795 2929 ι
815 2892 839 2930 3
