1670 3080
587 131 744 163 ACTUS
781 130 837 163 Π.
908 131 1071 162 SCENA
1096 129 1130 161 1.
1530 116 1591 161 85

134 215 208 254 Cu.
247 214 526 266 Quapropter?
615 214 685 253 CL.
725 214 830 258 Quia
854 213 961 253 enim
987 211 1235 254 incertum’st
1260 214 1392 261 etiam,
1428 214 1524 266 quid
1552 228 1593 253 se

291 280 435 319 faciat:
465 280 584 318 modo
604 280 725 318 venit.

130 346 262 386 Timet
275 346 420 394 omnia,
436 345 558 398 patris
572 346 684 394 iram,
702 350 742 384 et
756 345 935 384 animum
950 345 1090 385 amicae
1105 359 1146 385 se
1162 359 1257 398 erga
1270 351 1315 385 ut
1330 346 1380 384 sit
1393 359 1488 385 suae.
1543 349 1592 385 15

132 413 231 453 Eam
257 412 399 452 misere
425 416 558 450 amat:
594 416 755 464 propter
780 425 868 450 eam
897 411 984 451 haec
1013 412 1130 452 turba
1157 418 1274 464 atque
1301 412 1421 451 abitio
1449 413 1592 451 evenit.

292 477 366 515 Cu.
407 476 507 516 Scio.

129 542 198 582 Cn.
238 542 358 581 Nunc
378 541 574 581 servolum
593 541 644 581 ad
663 554 751 580 eam
770 541 813 581 in
831 542 972 581 urbem
994 542 1113 591 misit,
1141 548 1180 582 et
1205 556 1280 595 ego
1308 548 1487 582 nostrum
1513 557 1594 582 una

290 608 447 662 Syrum.

128 677 203 716 Cn.
225 676 331 721 Quid
344 676 507 715 narrat?
554 676 622 715 CL.
645 675 751 720 Quid
765 675 855 714 ille?
873 675 1062 714 miserum
1078 689 1119 714 se
1131 688 1228 715 esse.
1277 675 1352 714 Cn.
1375 675 1594 716 Miserum?

289 757 408 796 quem
427 743 560 782 minus
579 742 816 782 credere’st?

127 809 234 853 Quid
247 809 389 862 reliqui
403 809 459 858 'st,
474 809 569 862 quin
583 808 740 857 habeat,
758 821 847 861 quae
860 807 1021 860 quidem
1034 807 1077 846 in
1091 807 1253 847 homine
1268 807 1454 847 dicuntur
1465 809 1593 848 bona?

127 876 328 926 Parentes,
341 876 510 930 patriam
524 872 780 924 incolumem,
795 875 954 923 amicos,
970 888 1109 927 genuS‚
1125 880 1326 928 cognatos,
1341 875 1516 915 divitias:
1538 878 1591 915 20

126 942 260 995 Atque
278 942 366 982 haec
385 942 548 995 perinde
569 946 662 980 sunt
679 946 725 980 ut
742 940 848 979 illius
867 940 1036 988 animus,
1058 940 1127 992 qui
1147 954 1195 979 ea
1212 940 1386 993 possidet
1404 955 1411 979 :

126 1009 204 1053 Qui
223 1009 282 1047 uti
301 1008 384 1056 scit,
407 1008 444 1047 ei
462 1008 591 1055 bona;
621 1006 690 1055 illi,
712 1006 780 1059 qui
799 1019 880 1045 non
899 1006 1023 1044 utitur
1041 1012 1160 1054 recte,
1182 1005 1299 1045 mala.

126 1075 195 1114 CL.
237 1074 367 1113 Immo
385 1073 451 1112 ille
471 1073 548 1112 fuit
566 1085 688 1111 senex
706 1072 956 1124 importunus
976 1085 1133 1124 semper
1148 1085 1157 1120 ;
1189 1077 1230 1110 et
1254 1084 1362 1111 nunc
1386 1071 1443 1111 nil
1462 1073 1590 1125 magis

126 1140 286 1188 Vereor,
308 1153 429 1193 quam
447 1152 499 1178 ne
519 1138 614 1190 quid
633 1138 675 1176 in
694 1137 807 1176 illum
822 1132 950 1176 hams
967 1136 1057 1189 plus
1077 1137 1170 1176 satis
1189 1137 1300 1186 faxit,
1321 1142 1446 1190 pater2

125 1206 200 1245 Cu.
241 1205 398 1245 mene?
425 1205 495 1244 sed
512 1204 726 1258 reprimam
744 1217 835 1243 me:
866 1216 962 1243 nam
984 1203 1027 1242 in
1055 1209 1166 1243 metu
1193 1217 1277 1243 esse
1302 1203 1422 1252 hunc,
1444 1201 1501 1243 illi
1531 1212 1590 1244 est

283 1272 392 1312 utile.
1535 1274 1585 1311 25

124 1339 193 1377 CL.
235 1338 341 1382 Quid
359 1344 442 1377 tute
462 1338 624 1376 tecum?
694 1337 768 1376 Cn.
803 1337 947 1376 Dicam
965 1351 973 1375 :
1004 1343 1049 1376 ut
1070 1342 1113 1376 ut
1131 1343 1226 1386 erat,
1248 1350 1432 1377 mansum
1453 1344 1587 1378 tamen

285 1404 468 1458 oportuit.

124 1472 303 1511 Fortasse
325 1471 571 1524 aliquantum
589 1470 762 1523 iniquior
781 1476 865 1510 erat
882 1475 1028 1525 praeter
1047 1471 1131 1523 ejus
1150 1471 1369 1511 lubidinem
1387 1486 1395 1510 ι

125 1537 330 1576 Pateretur
347 1551 354 1576 :
385 1550 479 1575 nam
500 1549 618 1588 quem
636 1536 768 1584 ferret,
790 1535 822 1574 si
840 1540 1048 1588 parentem
1067 1549 1148 1575 non
1167 1537 1287 1576 ferret
1307 1550 1421 1576 suum
1437 1538 1453 1576 ’ἱ

124 1602 336 1642 Hunccine
357 1608 441 1642 erat
459 1616 617 1655 aequom
643 1615 694 1641 ex
721 1601 826 1640 illius
851 1615 973 1650 more,
996 1615 1047 1640 an
1073 1601 1186 1642 illum
1212 1616 1263 1641 ex
1287 1602 1405 1655 hujus
1424 1603 1588 1644 vivere?

123 1668 174 1707 Et
204 1668 309 1720 quod
340 1668 453 1707 illum
485 1667 717 1707 insimulant
748 1668 903 1716 durum,
937 1668 979 1707 id
1004 1681 1086 1707 non
1119 1675 1178 1707 est
1194 1683 1203 1707 :
1246 1682 1341 1708 nam
1373 1677 1585 1723 parentum

283 1735 438 1787 injuriae
1533 1741 1585 1777 30

122 1801 359 1840 Uniusmodi
377 1806 469 1839 sunt
485 1799 633 1848 ferme3
664 1799 783 1852 paulo
802 1799 870 1851 qui
890 1805 949 1838 est
967 1799 1088 1839 homo
1107 1800 1332 1850 tolerabilis,

122 1867 292 1906 Scortari
311 1867 448 1906 crebro
467 1866 631 1914 nolunt3
663 1866 805 1905 nolunt
823 1866 961 1905 crebro
981 1867 1227 1907 convivarier
1244 1883 1252 1906 :

122 1936 307 1975 Praebent
337 1936 478 1988 exigue
511 1941 712 1974 sumtum:
754 1941 871 1987 atque
903 1935 991 1975 haec
1025 1943 1118 1975 sunt
1149 1943 1284 1977 tamen
1319 1938 1370 1978 ad
1397 1939 1584 1981 virtutem

281 2016 427 2042 omma.

121 2068 272 2107 Verum
292 2069 447 2107 animus
466 2067 534 2107 ubi
552 2066 676 2106 semel
694 2081 735 2106 se
756 2067 971 2121 cupiditate
992 2068 1174 2108 devinxit
1192 2070 1309 2118 mala,

120 2132 292 2172 Necesse
312 2139 381 2182 est,
404 2132 587 2186 Clitipho,
610 2132 774 2172 consilia
792 2134 982 2186 consequi
1002 2134 1244 2175 consimilia:
1274 2136 1350 2175 hoc
1530 2141 1580 2179 35

121 2199 321 2239 Scitum’st
338 2199 531 2252 periclum
551 2213 602 2238 ex
620 2199 706 2238 aliis
725 2199 870 2248 facere,
893 2200 964 2239 tibi
984 2201 1080 2252 quid
1099 2215 1149 2240 ex
1167 2215 1242 2241 usu
1261 2202 1344 2241 siet.

121 2266 189 2305 CL.
229 2266 294 2305 Ita
312 2266 440 2305 credo.
517 2266 591 2304 Cn.
632 2266 718 2318 Ego
737 2265 803 2304 ibo
821 2265 916 2305 hinc
935 2266 1051 2316 intro,
1071 2273 1117 2307 ut
1135 2268 1305 2318 videam,
1322 2270 1436 2310 nobis
1455 2285 1582 2313 coenae

282 2333 377 2386 quid
395 2333 480 2372 siet.

120 2399 192 2448 Tu,
213 2406 258 2439 ut
275 2405 433 2453 tempus
452 2405 512 2439 est
530 2399 620 2449 diei,
641 2398 732 2439 vide
753 2399 816 2449 sis,
837 2412 889 2439 ne
910 2413 988 2452 quo
1007 2399 1101 2440 hinc
1122 2401 1240 2442 abeas
1258 2402 1426 2457 longius.

565 2560 743 2600 ACTUS
774 2560 831 2599 ΙΙ.
890 2561 1071 2601 SCENA
1102 2562 1135 2601 Ι.

741 2652 957 2692 ΟωΤΙΡΗο.

122 2748 252 2792 Quam
271 2747 398 2801 iniqui
416 2753 507 2787 sunt
524 2752 656 2800 patres
675 2746 718 2785 in
737 2759 876 2785 omnes
895 2746 1166 2787 adulescentes
1175 2748 1330 2801 judices
1347 2750 1356 2788 !

121 2814 200 2858 Qui
219 2829 376 2868 aequom
396 2828 479 2854 esse
500 2819 674 2862 censent,
695 2827 767 2853 nos
780 2813 867 2866 jam
887 2827 911 2853 a
929 2814 1061 2866 pueris
1080 2815 1185 2855 illico
1205 2816 1314 2856 nasci
1333 2830 1447 2856 senes
1462 2832 1471 2865 3
