1670 3080
503 98 661 129 Aeros
697 97 765 129 ιν.
836 98 999 130 SCENA
1036 99 1104 132 1v.
1432 86 1527 136 173

62 185 135 226 ΡΑ.
192 186 297 232 Quia
333 185 382 225 de
418 198 542 224 uxore
578 185 752 225 incertus
788 198 878 224 sum
915 185 1047 235 etiam,
1089 186 1186 240 quid
1223 187 1298 227 sim
1335 189 1523 230 facturus.

220 252 295 292 LA.
335 251 442 296 Quid
460 251 550 290 est?

57 319 165 365 Quid
191 319 251 359 vis
275 319 418 368 facere,
450 319 528 359 nisi
556 318 804 359 redducere?
886 319 959 359 ΡΑ.
1000 319 1199 374 Equidem
1231 321 1359 374 cupio,
1391 330 1431 362 et
1455 315 1535 363 vix>

217 386 444 426 contineor:

55 452 134 492 Sed
157 464 239 492 non
264 452 444 492 minuam
471 465 608 492 meum
634 451 870 492 consilium:
902 466 954 492 ex
980 466 1056 493 usu
1085 453 1193 508 quod
1220 460 1290 504 est,
1320 455 1362 496 id
1389 469 1523 509 perse-

215 533 336 573 quar:
1472 527 1522 564 10

51 585 191 634 Credo,
213 598 261 626 ea
278 585 407 639 gratia
425 586 640 626 concordes
657 585 797 639 magis,
819 586 851 626 si
871 586 1098 637 redducam,
1119 589 1215 629 fore.

52 651 127 691 LA.
166 651 353 691 Nescias:
383 665 523 691 verum
543 658 613 691 tua
630 652 750 691 refert
769 652 880 702 nihil,
900 659 1036 696 utrum
1056 654 1158 694 illaec
1178 655 1358 706 fecerint,

51 719 221 763 Quando
238 718 327 758 haec
347 719 498 759 aberit:
529 719 664 758 odiosa
681 719 770 759 haec
790 725 849 759 est
867 726 964 760 aetas
984 721 1313 762 adulescentulis:

51 785 86 824 E
104 785 237 826 medio
255 799 416 838 aequum
436 787 628 826 excedere
648 792 717 835 est,
738 792 937 840 postremo
956 802 1029 828 nos
1042 788 1130 842 jam
1148 790 1283 830 fabula

51 851 207 900 Sumus,
230 851 450 906 Pamphile,
474 853 606 892 Senex
624 858 742 905 atque
761 867 871 893 anus.
1470 861 1518 899 15

51 915 129 956 Sed
147 916 263 956 video
284 917 526 972 Phidippum
546 918 682 972 egredi
700 932 771 972 per
790 924 959 973 tempus,
980 921 1226 962 accedamus.
1516 929 1519 931 “

465 1183 643 1224 ACTUS
674 1184 748 1224 IV.
808 1186 984 1227 SCENA
1020 1188 1083 1228 IV

384 1286 627 1326 Pmmrrus.
686 1288 866 1328 LAcnns.
926 1290 1187 1333 PAManus.

46 1389 124 1430 Pu.
163 1389 254 1429 Tibi
272 1402 428 1443 quoque
447 1389 570 1438 iratus
589 1389 729 1443 edepol
748 1404 847 1440 sum,
871 1391 1122 1444 Philumena,

46 1457 233 1498 Graviter
252 1457 413 1511 quidem
431 1471 439 1496 :
469 1470 564 1495 nam
581 1456 714 1496 hercle
734 1458 802 1496 abs
823 1467 860 1497 te
881 1464 941 1498 est
959 1460 1111 1501 factum
1130 1464 1296 1516 turpiter

44 1524 131 1564 Etsi
148 1524 221 1564 tibi
240 1537 358 1564 causa
378 1528 437 1563 est
455 1522 504 1563 de
523 1522 598 1562 hac
618 1537 684 1562 re:
714 1529 842 1563 mater
860 1530 899 1563 te
918 1525 1101 1579 impulit:

43 1591 152 1632 Huic
172 1605 267 1631 vero
286 1591 396 1631 nulla
415 1596 485 1630 est.
571 1591 645 1630 LA.
686 1592 920 1644 Opportune
940 1598 978 1631 te
998 1593 1108 1642 mihi,

43 1657 251 1711 Phidippe,
271 1658 314 1697 in
331 1657 418 1711 ipso
438 1663 614 1710 tempore
635 1657 820 1697 ostendis.
907 1658 983 1698 ΡΗ.
1023 1660 1130 1704 Quid
1150 1663 1238 1701 est?
1486 1667 1513 1704 5

42 1725 116 1765 ΡΑ.
155 1725 263 1769 Quid
280 1724 527 1778 respondebo
545 1723 637 1763 his?
666 1730 735 1763 aut
754 1739 832 1778 quo
851 1731 968 1778 pacto
987 1726 1062 1767 hoc
1083 1729 1260 1781 operiam
1276 1731 1292 1769 ’.Ρ

42 1792 117 1832 LA.
157 1792 235 1832 Dic
254 1791 360 1841 filiae,
381 1805 448 1831 rus
468 1805 745 1830 concessuram
764 1791 859 1832 hinc
882 1793 1100 1833 Sostratam
1118 1809 1126 1833 :

41 1859 106 1899 Ne
124 1864 361 1908 revereatur,
382 1859 515 1898 minus
529 1858 617 1911 jam
636 1872 714 1911 quo
733 1859 870 1898 redeat
888 1860 1064 1900 domum.
1154 1862 1229 1902 ΡΗ.
1269 1863 1337 1904 Ah
1353 1865 1363 1903 !

40 1925 206 1966 Nullam
226 1925 276 1965 de
295 1925 357 1965 his
376 1926 492 1965 rebus
512 1925 670 1978 culpam
691 1926 927 1966 commeruit
947 1933 1014 1967 tua
1031 1942 1039 1967 :

40 1992 79 2031 A
100 1990 312 2044 Myrrhina
329 1990 417 2030 haec
436 1996 530 2030 sunt
546 2004 638 2030 mea
656 2004 780 2030 uxore
800 1997 938 2031 exorta
957 1993 1091 2033 omnia
1107 2009 1115 2033 :
1460 2001 1509 2038 10

38 2059 111 2098 ΡΑ.
151 2058 324 2098 Mutatio
342 2058 399 2097 fit.
486 2057 562 2097 ΡΗ.
603 2057 663 2097 Ea
681 2071 753 2097 nos
773 2059 990 2111 perturbat,
1013 2060 1161 2101 Lache.

38 2124 111 2164 ΡΑ.
150 2125 261 2164 Dum
278 2137 330 2163 ne
350 2124 563 2172 reducam;
594 2124 726 2163 turbet
743 2138 872 2177 porro,
895 2139 1015 2178 quam
1037 2126 1142 2167 velit.

38 2189 114 2230 ΡΗ.
154 2190 252 2244 Ego,
274 2189 495 2244 Pamphile,
518 2204 601 2229 esse
622 2190 725 2230 inter
744 2205 827 2240 nos,
851 2191 883 2231 si
902 2192 989 2232 fieri
1007 2200 1151 2247 potest,

37 2257 287 2298 Affinitatem
304 2257 410 2298 hanc
430 2272 524 2297 sane
544 2264 778 2311 perpetuam
798 2259 887 2299 volo
904 2274 912 2299 :

37 2324 107 2364 Sin
126 2330 195 2374 est,
215 2330 261 2364 ut
279 2324 393 2364 aliter
412 2330 481 2364 tua
500 2325 574 2364 siet
593 2325 801 2374 sententia,
1457 2336 1505 2374 15

36 2391 221 2445 Accipias
238 2405 420 2445 puerum.
506 2391 579 2430 ΡΑ.
621 2391 751 2430 Sensit
768 2391 994 2444 peperisse:
1026 2394 1164 2435 occidi.

35 2457 110 2498 LA.
150 2458 354 2497 Puerum?
383 2471 501 2510 quem
520 2457 720 2510 puerum?
803 2457 880 2496 ΡΗ.
920 2457 1049 2498 Natus
1069 2469 1128 2500 est
1147 2461 1261 2502 nobis
1280 2476 1403 2517 nepos
1421 2480 1429 2504 ι

35 2525 142 2565 Nam
161 2526 332 2565 abducta
350 2539 374 2564 a
396 2524 504 2564 vobis
523 2538 735 2578 praegnans
753 2524 883 2563 fuerat
901 2525 994 2574 filia,

36 2591 178 2645 Neque
197 2591 317 2631 fuisse
336 2596 614 2644 praegnantem
633 2604 809 2642 unquam
832 2596 924 2630 ante
944 2591 1051 2631 hunc
1072 2593 1171 2633 scivi
1190 2594 1310 2635 diem.

34 2658 109 2699 LA.
148 2659 270 2706 Bene,
291 2658 347 2697 ita
365 2671 430 2697 me
451 2657 506 2696 Di
525 2662 671 2705 ament,
693 2657 852 2696 nuntias
869 2672 877 2696 :
909 2664 948 2696 et
965 2659 1121 2710 gaudeo
1449 2665 1501 2702 20

33 2725 186 2766 Natum
206 2725 332 2774 illum,
355 2730 394 2764 et
412 2724 522 2764 inam
542 2724 694 2764 salvam
712 2738 720 2763 :
752 2725 820 2764 sed
841 2725 935 2778 quid
955 2725 1132 2767 mulieris

33 2793 210 2834 Uxorem
225 2790 376 2831 habes?
404 2797 473 2831 aut
492 2790 633 2845 quibus
651 2796 846 2830 moratam
865 2792 1066 2832 moribus?
