1670 3080
504 125 662 157 ACTUS
698 124 765 156 iv.
837 125 1000 156 SCENA
1035 125 1103 158 vx.
1439 115 1531 161 105

72 211 179 254 Jube
215 210 354 264 potius.
450 211 525 250 Cn.
574 210 872 254 Quamobrem?
955 210 1022 249 SY.
1063 211 1166 255 Quia
1204 212 1312 253 enim
1345 215 1388 255 in
1422 214 1531 255 hunc

233 275 452 328 suspicio’st

69 340 280 383 Translata
294 343 449 382 amoris.
535 343 610 382 Cn.
650 343 757 387 Quid
776 343 888 382 tum?
972 344 1039 383 Sr.
1080 343 1185 389 Quia
1203 339 1404 384 videbitur

74 408 206 460 Magis
225 408 436 448 verisimile
456 409 498 448 id
517 422 612 456 esse,
635 422 725 448 cum
745 408 810 448 hic
829 408 887 448 illi
902 409 1011 448 dabit

74 474 126 513 Et
143 474 261 514 simul
279 475 487 515 conficiam
507 475 662 515 facilius
682 489 768 528 ego,
790 475 896 529 quod
915 476 1017 516 volo.
1478 486 1529 524 55

74 540 164 593 Ipse
184 540 283 581 adeo
302 540 435 582 adest:
464 542 555 582 abi:
585 542 681 582 effer
700 547 921 595 argentum.
1006 542 1083 583 Cn.
1116 543 1264 590 Essem,

494 743 671 783 ACTUS
702 743 776 783 1V.
836 744 1017 786 SCENA
1046 746 1122 787 VI.

589 849 806 889 Cui-xmo.
865 851 1013 892 SYnus.

74 949 145 988 CL.
185 949 308 989 Nulla
326 954 385 989 est
404 955 486 989 tam
505 949 633 989 facilis
651 964 725 999 res,
748 950 844 1004 quin
864 951 1035 992 difficilis
1054 953 1141 1003 siet,

74 1017 206 1061 Quam
224 1015 372 1055 invitus
389 1016 512 1056 facias
529 1031 538 1056 :
568 1017 632 1056 vel
651 1031 716 1057 me
734 1017 822 1057 haec
842 1018 1121 1070 deambulatio,

75 1084 206 1128 Quam
225 1096 307 1123 non
325 1083 531 1133 laboriosa,
553 1085 604 1124 ad
622 1083 857 1138 languorem
868 1086 995 1133 dedit.

75 1150 163 1190 Nec
183 1151 395 1204 quicquam
414 1151 542 1204 magis
561 1165 669 1192 nunc
688 1159 835 1202 metuo,
858 1168 977 1206 quam
997 1169 1048 1194 ne
1069 1155 1201 1196 denuo

76 1217 202 1257 Miser
220 1217 352 1270 aliquo
371 1217 559 1257 extrudar
576 1218 682 1268 hinc,
703 1232 755 1259 ne
775 1220 964 1260 accedam
984 1222 1035 1261 ad
1054 1222 1309 1263 Bacchidem.
1518 1224 1542 1262 5

77 1285 133 1324 Ut
151 1290 189 1324 te
210 1285 370 1338 quidem
390 1299 526 1326 omnes
547 1286 602 1325 Di
622 1286 733 1335 Deae,
756 1288 1011 1340 quantum’st‚
1034 1289 1143 1341 Syre,

79 1352 180 1391 Cum
200 1356 269 1390 tuo
287 1350 362 1391 isto
380 1351 543 1391 invento
563 1366 734 1405 cumque
753 1353 912 1406 incepto
931 1355 1130 1407 perduint.

79 1417 323 1471 Hujusmodi
340 1418 441 1457 mihi
458 1432 522 1458 res
540 1433 696 1472 semper
716 1421 1027 1470 comminiscere,

80 1485 160 1524 Ubi
177 1498 243 1524 me
259 1485 568 1529 excarnufices.
627 1487 694 1526 SY.
735 1487 839 1526 Ibin’
859 1487 952 1527 hinc
973 1502 1051 1541 quo
1071 1489 1215 1543 dignus
1235 1503 1275 1529 es
1292 1504 1300 1528 ε

81 1553 212 1597 Quam
231 1566 346 1606 paene
366 1559 435 1592 tua
452 1566 517 1592 me
536 1553 709 1608 perdidit
726 1554 959 1607 protervitas
977 1555 986 1594 !
1498 1560 1547 1595 10

82 1619 152 1659 cr.
193 1618 350 1658 Vellem
381 1618 513 1660 hercle
545 1619 708 1669 factum,
740 1620 796 1660 ita
828 1620 1036 1661 meritus’s.
1123 1622 1189 1662 SY.
1231 1622 1426 1663 Meritus?
1454 1636 1551 1676 quo-

243 1685 390 1726 modo?

84 1752 161 1792 Nae
180 1766 245 1791 me
264 1752 364 1792 istuc
383 1753 493 1806 prius
512 1767 563 1793 ex
582 1759 620 1793 te
640 1754 835 1795 audivisse
853 1754 1020 1808 gaudeo,

84 1821 217 1865 Quam
236 1825 447 1872 argentum
466 1819 644 1870 haberes,
668 1821 774 1874 quod
792 1822 955 1861 daturus
968 1822 1055 1874 jam
1073 1822 1143 1863 fui.

87 1886 156 1925 CL.
197 1885 305 1930 Quid
321 1885 442 1938 igitur
459 1885 590 1926 dicam
610 1886 680 1926 tibi
699 1887 790 1927 vis?
816 1887 958 1937 abiisti,
979 1888 1080 1928 mihi

89 1955 274 1995 Amicam
295 1954 471 2003 adduxti,
494 1968 614 2007 quam
632 1969 714 1995 non
733 1955 852 1996 liceat
870 1962 1046 2009 tangere.
1406 1948 1410 1950 ⁸
1505 1960 1551 1997 15

87 2022 155 2062 SY.
195 2022 221 2062 J
223 2036 288 2062 am
308 2036 389 2061 non
409 2035 497 2062 surn
516 2023 639 2062 iratus
656 2037 664 2062 :
695 2023 765 2063 sed
785 2023 894 2073 scin’,
915 2024 985 2063 ubi
1003 2038 1111 2064 nunc
1131 2024 1182 2064 sit
1199 2024 1271 2065 tibi

87 2089 175 2129 Tua
202 2088 399 2129 Bacchis?
482 2089 552 2128 CL.
592 2090 716 2143 Apud
743 2103 828 2129 nos.
915 2090 982 2130 Sy,
1022 2090 1129 2130 Non.
1217 2091 1286 2131 Cr..
1327 2091 1407 2131 Ubi
1437 2092 1556 2144 ergo?

250 2156 318 2195 Sr.
358 2155 481 2209 Apud
501 2155 684 2195 Cliniam.

91 2223 161 2262 Cn.
202 2223 318 2262 Perii.
395 2224 463 2262 SY.
494 2223 607 2262 Bono
627 2223 762 2262 animo
782 2237 846 2263 es:
871 2224 958 2277 jam
979 2230 1188 2278 argentum
1209 2225 1260 2265 ad
1281 2240 1369 2266 eam
1389 2225 1553 2275 deferes,

91 2289 209 2336 Quod
227 2291 265 2329 e'1'
284 2303 325 2329 es
343 2289 552 2343 pollicitus.
639 2290 709 2330 CL.
752 2291 914 2331 Garris:
943 2292 1078 2332 unde?
1162 2293 1229 2333 ΞΥ.
1270 2294 1309 2333 Α
1337 2298 1405 2334 tuo
1433 2298 1558 2347 patre.

93 2357 163 2396 CL.
203 2357 327 2396 Ludis
341 2357 603 2407 fortasseme.
691 2357 758 2396 SY.
800 2358 893 2411 Ipsa
912 2372 954 2398 re
975 2359 1218 2412 experibere.
1506 2362 1559 2399 20

94 2424 164 2465 Cn.
202 2424 280 2464 Nae
300 2438 373 2477 ego
390 2424 614 2464 fortunatus
632 2423 752 2463 homo
772 2438 860 2464 sum
877 2439 886 2464 :
917 2425 1058 2465 deamo
1077 2431 1127 2474 te,
1150 2426 1260 2478 Syre.

97 2491 164 2531 sr.
204 2491 283 2531 Sed
300 2498 414 2544 pater
432 2491 657 2544 egreditur:
688 2504 796 2540 cave,
819 2492 1031 2544 quicquam
1052 2493 1269 2534 admiratus
1288 2493 1351 2541 sis,

98 2558 187 2603 Qua
206 2571 324 2598 causa
341 2558 384 2597 id
402 2558 472 2597 fiat
489 2572 497 2597 ε
528 2558 795 2597 obsecundato
814 2558 856 2598 in
875 2558 962 2598 loco
979 2574 988 2598 ε

99 2625 216 2671 Quod
233 2625 443 2679 imperabit
460 2625 602 2665 facito:
630 2625 801 2678 loquitor
818 2625 999 2679 paucula.

798 2883 862 2920 1²3
