1670 3080
513 114 671 146 ACTUS
708 113 764 145 11.
835 114 1000 146 scENA
1024 115 1102 146 111.
1484 99 1544 148 49

79 197 196 237 Unde
221 196 285 237 is?
367 196 443 237 Cn.
483 197 652 251 Egone?
690 198 823 238 nescio
846 198 992 248 hercle,
1020 213 1150 252 neque
1169 199 1276 239 unde
1297 213 1397 250 eam,
1417 214 1548 255 neque

239 274 427 315 quorsum
447 275 535 302 eam
553 276 561 301 :

77 326 141 366 lta
157 340 339 380 prorsum
358 327 502 367 oblitus
522 342 609 368 sum
628 329 721 368 mei.
1086 374 1091 378 ,
1496 335 1546 372 15

79 393 151 433 ΡΑ.
192 394 282 443 Qui,
305 396 470 448 quaeso?
545 395 620 434 Cn.
662 396 779 436 Amo.
857 396 929 436 ΡΑ.
970 397 1080 437 Hem
1097 398 1106 437 !
1184 399 1259 437 CH.
1299 398 1431 448 Nunc,
1454 399 1549 440 Par-

235 474 365 509 men0,
387 466 425 500 te
445 462 640 510 ostendes,
662 463 730 515 qui
750 463 810 502 vir
829 463 917 502 sies.

73 527 158 570 Seis
178 533 216 568 te
235 527 335 568 mihi
354 542 459 582 saepe
477 528 698 582 pollicitum
719 543 802 569 esse
820 545 829 569 :
861 530 1037 580 Chaerea,
1059 530 1210 584 aliquid
1228 531 1365 571 inveni

73 593 208 643 Modo,
230 595 336 649 quod
356 610 464 635 ames
481 611 490 635 :
510 596 722 636 utilitatem
741 597 784 636 in
804 611 850 636 ea
868 611 910 636 re
926 598 1070 637 faciam
1090 604 1136 638 ut
1154 612 1368 651 cognoscas
1386 613 1520 640 meam
1537 615 1546 640 x

73 661 174 702 Cum
187 663 229 703 in
243 663 427 703 cellulam
440 665 490 703 ad
505 670 543 703 te
558 664 680 717 patris
692 678 841 717 penum
855 677 1016 703 omnem
1029 666 1294 717 congerebam
1307 665 1546 707 clanculum.

73 728 146 769 ΡΑ.
186 731 289 783 Age,
310 731 444 785 inepte
461 731 470 770 l
542 731 616 770 Cn.
657 731 748 771 Hoc
767 731 902 771 hercle
921 731 1122 770 factum'st
1139 746 1147 770 :
1177 731 1239 771 fac
1260 732 1312 771 sis
1330 746 1438 772 nunc
1457 746 1548 786 pro-

232 797 352 837 missa
370 812 448 851 app
455 803 615 837 areant:
1490 803 1546 840 20

71 863 162 903 Sive
181 863 282 903 adeo
300 864 423 917 digna
440 878 502 903 res
522 870 593 914 est,
614 864 684 904 ubi
703 870 748 904 tu
766 878 910 904 nervos
928 865 1111 905 intendas
1132 871 1231 905 tuos.

70 929 194 969 Haud
213 930 350 969 similis
368 930 532 984 virgo'st
550 931 751 984 virginum
770 937 1018 981 nostrarum;
1049 946 1146 986 quas
1164 938 1312 973 matres
1331 933 1492 974 student

69 995 263 1036 Demissis
282 995 458 1036 humeris
476 1011 574 1046 esse,
596 998 730 1038 vincto
748 1004 919 1052 pectore,
940 1005 984 1038 ut
1002 1000 1164 1053 gracilae
1185 1001 1299 1039 sient.

68 1062 110 1102 Si
130 1077 208 1117 qua
227 1069 286 1103 est
303 1063 474 1104 habitior
492 1065 623 1118 paulo,
646 1066 824 1119 pugilem
845 1080 929 1106 esse
949 1067 1062 1106 aiunt
1078 1082 1086 1106 :
1118 1068 1323 1107 deducunt
1341 1069 1475 1110 cibum
1492 1085 1501 1109 :

67 1131 243 1171 Tametsi
259 1132 366 1173 bona
384 1139 444 1172 est
461 1139 616 1183 natura,
638 1134 811 1174 reddunt
830 1141 1013 1174 curatura
1028 1136 1199 1188 junceas
1218 1134 1234 1174 ε’
1490 1140 1541 1177 25

68 1197 208 1251 Itaque
229 1213 322 1252 ergo
342 1190 536 1240 amantur.
615 1201 688 1240 ΡΑ.
729 1201 836 1246 Quid
855 1207 923 1240 tua
943 1202 1080 1241 istaec?
1156 1202 1234 1241 Cn.
1277 1203 1394 1243 Nova
1415 1203 1543 1257 figura

228 1267 317 1306 oris.
377 1268 449 1307 ΡΑ.
491 1268 613 1321 Papae
630 1268 640 1308 1

67 1333 142 1373 Cn.
178 1333 294 1374 Color
312 1345 439 1384 verus,
469 1349 610 1388 corpus
631 1335 801 1375 solidum
821 1342 861 1376 et
889 1336 997 1376 succi
1025 1336 1201 1390 plenum.
1289 1338 1360 1377 ΡΑ.
1401 1339 1542 1378 Anni?

195 1390 201 1395 ⁸
232 1402 306 1441 Cn.
347 1404 485 1442 Anni?
513 1404 697 1443 sedecim.

66 1467 139 1507 Pa.
181 1468 270 1509 Flos
295 1469 389 1522 ipse.
475 1470 550 1509 Cn.
591 1471 710 1510 Nunc
738 1470 843 1510 hanc
875 1476 919 1510 tu
947 1471 1047 1510 mihi
1066 1471 1130 1512 vel
1155 1472 1206 1521 vi,
1237 1472 1301 1512 vel
1331 1472 1446 1522 clam,
1476 1473 1540 1513 vel

226 1536 402 1588 precario

67 1599 147 1640 Fae
168 1601 298 1640 tradas
316 1616 324 1640 ε
355 1614 445 1641 mea
462 1601 563 1641 nihil
583 1602 713 1651 refert,
736 1602 831 1642 dum
850 1602 979 1655 potiar
997 1603 1127 1643 modo.

67 1667 140 1707 ΡΑ.
182 1669 300 1717 Quid,
322 1669 434 1722 virgo
453 1670 622 1722 cuja’st?
706 1671 781 1710 Cu.
822 1670 969 1710 Nescio
987 1671 1132 1711 hercle.
1228 1672 1300 1711 ΡΑ.
1343 1673 1539 1713 Unde'st?

228 1735 303 1774 Cn.
343 1736 610 1776 Tantundem.
698 1737 771 1776 ΡΑ.
813 1738 893 1777 Ubi
912 1737 1092 1778 habitat?
1484 1742 1536 1779 30

64 1801 138 1840 Cu.
180 1801 243 1840 Ne
263 1801 306 1841 id
324 1802 496 1854 quidem.
566 1803 638 1841 ΡΑ.
675 1803 755 1842 m>i
774 1803 933 1843 vidisti?
1000 1805 1074 1843 CH.
1109 1804 1161 1843 In
1183 1805 1259 1844 via.
1333 1806 1406 1845 ΡΑ.
1446 1806 1537 1850 Qua
1602 1836 1607 1839 <

226 1867 378 1908 ratione
398 1868 508 1907 illam
528 1869 689 1908 amisti?

20 1960 33 1969 .
65 1933 140 1972 Cn.
183 1933 232 1973 Id
251 1934 435 1986 equidem
456 1935 671 1974 adveniens
690 1949 849 1974 mecum
869 1935 1145 1984 stomachabar
1163 1937 1281 1977 modo
1298 1951 1307 1975 ε

64 1999 205 2052 Neque
226 2014 454 2053 quenquam
475 2014 548 2053 ego
568 2015 651 2040 esse
670 2000 875 2041 hominem
895 2002 1073 2051 arbitror,
1095 2003 1160 2042 cui
1178 2004 1306 2056 magis
1324 2004 1441 2043 bonae

62 2065 286 2106 Felicitates
305 2080 442 2106 omnes
462 2081 611 2107 aversae
632 2069 745 2108 sient.

62 2132 168 2176 Quid
181 2132 258 2172 hoc
270 2139 330 2172 est
348 2133 528 2173 sceleris?
546 2135 658 2188 perii,
709 2135 781 2174 ΡΑ.
805 2136 912 2180 Quid
926 2137 1158 2177 factum‘st?
1204 2138 1279 2178 Cu.
1301 2139 1462 2192 Rogas?
1480 2142 1531 2179 35

61 2199 188 2239 Patris
208 2206 422 2253 cognatum
442 2207 561 2254 atque
581 2202 778 2254 aequalem
798 2203 1125 2243 Archidemidem

47 2264 256 2305 'Nostine?
303 2267 375 2306 ΡΑ.
398 2268 578 2312 Quidni?
626 2269 700 2307 Cn.
733 2269 785 2317 Is,
808 2270 904 2309 dum
923 2270 1026 2310 hanc
1047 2285 1199 2324 sequor,
1221 2272 1267 2311 fit
1285 2272 1342 2311 mi
1361 2273 1530 2313 obviam.

66 2331 137 2371 ΡΑ.
178 2332 436 2373 Incommode
455 2333 601 2374 hercle.
688 2336 763 2374 Cn.
799 2336 931 2375 Immo
952 2338 1154 2378 enimvero
1174 2339 1409 2379 infeliciter:

60 2397 167 2438 Nam
185 2398 439 2440 incommoda
458 2400 536 2439 alia
556 2406 649 2440 sunt
668 2402 848 2450 dicenda,
872 2402 1080 2443 Parmeno.

62 2462 183 2503 Illum
201 2463 327 2517 liquet
344 2465 401 2503 mi
421 2465 608 2518 dejerare,
629 2466 692 2505 his
711 2467 913 2507 mensibus
956 2490 963 2497 -
1476 2474 1529 2510 40

61 2529 139 2569 Sex
157 2536 309 2583 septem
327 2544 488 2583 prorsus
508 2544 589 2570 non
609 2532 753 2571 vidisse
772 2533 999 2585 proxumis3

59 2594 148 2635 Nisi
165 2610 284 2646 nunc,
306 2611 398 2636 cum
417 2597 583 2636 minime
603 2598 758 2646 vellem,
779 2599 1025 2651 minimeque
1046 2614 1143 2653 opus
1162 2601 1248 2640 fuit.

59 2662 170 2702 Eho!
200 2677 334 2703 nonne
352 2664 427 2703 hoc
447 2665 613 2703 monstri
633 2665 840 2704 simile’st?
869 2666 965 2718 quid
984 2667 1068 2706 ais?
1151 2668 1222 2706 ΡΑ.
1264 2668 1471 2709 Maxume.

64 2728 138 2768 CH.
174 2729 372 2769 Continuo
391 2730 563 2769 accurrit
582 2731 632 2770 ad
650 2744 728 2778 me,
752 2744 871 2784 quam
891 2731 1009 2784 longe
1031 2733 1202 2785 quidem,

60 2794 264 2844 Incurvus,
286 2796 490 2845 tremulus,
510 2796 625 2837 labiis
645 2798 836 2845 demissis,
857 2811 1045 2850 gemens:
1472 2801 1525 2840 45

808 2876 832 2901 D
