1670 3080
160 152 225 198 26
785 169 1001 200 AxmuA.

162 253 238 292 Per
257 266 394 292 omnes
413 253 484 292 tibi
503 253 641 307 adjuro
660 254 779 303 Deos,
799 267 1007 307 nunquam
1027 267 1116 292 eam
1134 266 1198 292 me
1219 252 1467 292 desertumm
1478 266 1494 303 5

161 320 267 370 Non,
288 321 321 359 si
340 321 556 374 capiundos
574 321 672 360 mihi
691 321 814 360 seiam
833 333 918 360 esse
934 320 1116 360 inimicos
1136 332 1276 358 omnes
1294 319 1489 360 homines.

162 388 280 427 Hanc
298 389 356 427 mi
375 389 557 441 expetivi,
579 388 766 441 contigit:
798 388 1040 428 conveniunt
1057 399 1215 427 mores:
1244 386 1416 436 valeant,

161 455 240 500 Qui
258 455 361 494 inter
378 468 451 495 nos
469 455 677 495 discidium
697 455 836 494 volunt
852 469 860 494 :
881 455 998 502 hanc,
1015 454 1092 493 nisi
1110 467 1228 502 mors,
1248 453 1306 494 mi
1319 453 1470 494 adimet
1485 467 1618 494 nemo.

161 523 248 561 ΜΥ.
293 523 508 575 Resipisco.
594 523 666 562 ΡΑ.
702 523 796 562 Non
827 522 1025 575 Apollinis
1057 521 1186 574 magis
1219 534 1369 571 verum,
1393 526 1512 575 atque
1543 520 1622 561 hoo

319 603 552 643 responsum
573 596 643 629 est.
1568 590 1618 628 15

160 657 202 695 Si
219 657 363 710 poterit
380 657 477 705 fieri,
498 663 543 696 ut
561 671 611 696 ne
631 663 743 710 pater
760 670 832 710 per
850 671 914 695 me
936 657 1087 695 stetisse
1108 655 1255 706 credat,

160 724 250 768 Quo
268 723 400 762 minus
418 723 481 763 hae
501 724 642 763 fierent
659 725 821 777 nuptiae,
843 723 933 763 volo
949 738 958 762 :
989 723 1059 762 sed
1077 724 1111 763 si
1127 724 1171 763 id
1188 737 1270 764 non
1288 723 1445 778 poterit,

161 789 211 828 Id
227 790 382 838 faciam,
404 790 445 828 in
464 790 627 843 proclivi
647 790 753 843 quod
772 796 842 839 est,
862 804 934 843 per
952 803 1017 829 me
1037 790 1189 830 stetisse
1207 796 1254 830 ut
1271 790 1418 831 credat.

160 856 258 900 Quis
290 856 455 895 videor?
539 857 612 895 Cn.
652 856 788 905 Miser,
817 870 930 909 aeque
957 862 1075 911 atque
1109 871 1195 910 ego.
1279 857 1360 897 DA.
1400 856 1618 898 Consilium

321 937 467 976 quaero.
554 923 628 962 Cn,
669 923 798 963 Fortis
820 924 873 973 's;

161 990 201 1028 Si
220 990 315 1042 quid
334 1003 487 1029 conere.
546 990 624 1028 DA.
656 990 746 1029 Hoc
766 1003 840 1043 ego
860 991 931 1030 tibi
949 991 1126 1044 profecto
1143 991 1330 1032 effectum
1347 991 1524 1032 meddam.
1563 994 1618 1032 20

161 1057 232 1096 ΡΑ.
272 1058 297 1096 J
300 1071 365 1096 am
383 1057 459 1096 hoc
478 1071 576 1109 opus
596 1063 665 1096 est.
741 1058 821 1097 DA.
857 1058 965 1103 Quin
978 1059 1066 1112 jam
1083 1059 1223 1100 habeo.
1299 1059 1375 1099 Cn.
1408 1058 1516 1104 Quid
1533 1059 1622 1099 est?

324 1125 403 1163 DA.
444 1124 562 1173 Huic,
584 1138 666 1164 non
686 1125 758 1164 tibi
774 1125 915 1174 habeo,
935 1139 987 1165 ne
1007 1139 1124 1166 erres.
1292 1125 1297 1128 ’

162 1190 236 1228 Cn.
276 1191 344 1229 Sat
360 1190 500 1230 habeo.
577 1192 649 1231 ΡΑ.
689 1192 796 1236 Quid
813 1193 962 1232 facies?
990 1193 1099 1233 cedo.
1181 1193 1262 1233 DA.
1301 1193 1400 1233 Dies
1417 1192 1475 1232 mi
1492 1191 1558 1233 hic
1575 1198 1622 1233 ut

321 1257 413 1296 satis
434 1258 484 1296 sit
502 1271 639 1297 vereor

161 1323 228 1363 Ad
246 1323 445 1376 agendum
463 1339 471 1363 ε
501 1339 551 1364 ne
572 1339 743 1365 vacuum
763 1339 846 1365 esse
865 1339 930 1366 me
950 1339 1058 1365 nunc
1077 1325 1130 1366 ad
1147 1325 1392 1366 narrandum
1411 1325 1573 1366 credas:

162 1390 330 1429 Proinde
350 1390 443 1429 hinc
462 1404 532 1429 vos
550 1391 793 1430 amolimini:
823 1405 919 1431 nam
938 1392 995 1431 mi
1013 1391 1299 1445 impedimento
1319 1390 1424 1430 estis.

161 1456 233 1495 ΡΑ.
272 1457 359 1510 Ego
381 1456 486 1496 hanc
509 1457 646 1496 visam.
732 1457 812 1497 DA.
852 1457 959 1502 Quid
978 1459 1049 1497 tu?
1078 1472 1156 1512 quo
1173 1457 1268 1497 hinc
1287 1463 1326 1497 te
1346 1457 1459 1511 agis?
1542 1456 1617 1496 Cu.

321 1522 473 1562 Verum
492 1523 552 1561 vis
571 1523 728 1562 dicam?
811 1524 891 1562 DA.
931 1524 1063 1563 Immo
1083 1524 1227 1563 etiam:
1565 1525 1615 1562 25
1666 1557 1670 1566 ,-

160 1589 407 1628 Narrationis
425 1589 565 1643 incipit
582 1589 638 1628 mi
657 1589 827 1629 initium.
914 1589 988 1642 Cn.
1028 1589 1136 1633 Quid
1152 1602 1218 1629 me
1237 1588 1333 1628 fiet?

107 1699 144 1716 f
159 1655 239 1694 DA.
280 1655 367 1694 Eho
387 1661 431 1694 tu
449 1655 672 1708 impudenS,
693 1669 774 1695 non
795 1656 888 1695 satis
905 1656 1040 1705 habes,
1062 1656 1169 1710 quod
1186 1656 1258 1696 tibi
1276 1655 1474 1696 dieculam
1492 1655 1608 1704 adde,

0 1758 14 1765 l
78 1722 94 1729 ‘⁷
160 1721 364 1764 Quantum
383 1721 475 1760 huic
494 1735 708 1774 promoveo
726 1718 911 1775 nuptias?
994 1723 1069 1762 Cn.
1109 1723 1235 1772 Dave,
1257 1729 1298 1762 at
1316 1728 1463 1763 tamen.
1538 1722 1618 1762 DA.
1667 1746 1670 1749 Δ

321 1788 428 1832 Quid
447 1789 570 1841 ergo?
1562 1811 1578 1841 q

160 1854 234 1892 Cn.
274 1855 330 1892 Ut
354 1855 509 1894 ducam.
594 1856 674 1894 DA.
714 1856 956 1897 Ridiculum.
1042 1857 1117 1896 Cn.
1153 1857 1246 1897 Huc
1275 1857 1364 1898 face
1387 1857 1440 1897 ad
1466 1870 1531 1896 me
1556 1869 1621 1895 ve-

321 1922 419 1970 nias,
441 1922 473 1960 si
493 1921 588 1974 quid
606 1923 764 1975 poteris.

159 1987 238 2026 DA.
279 1988 387 2032 Quid
418 1988 603 2027 veniam?
649 1988 707 2027 nil
734 1988 873 2028 habeo.
959 1990 1034 2029 Cn.
1074 1991 1132 2029 At
1169 1996 1304 2030 tamen
1337 1990 1618 2044 siquid—DA.

321 2056 422 2107 Age,
444 2055 612 2094 veniam.
699 2056 773 2094 Cn.
814 2056 855 2094 Si
874 2056 991 2109 quid5
1566 2061 1620 2099 30
1662 2053 1664 2055 ‚

159 2121 281 2160 Domi
299 2135 377 2161 ero.
462 2122 541 2161 DA.
581 2122 654 2170 Tu,
677 2121 816 2175 Mysis,
838 2122 933 2162 dum
953 2137 1062 2172 exeo,
1083 2137 1296 2178 parumper
1315 2124 1495 2178 opperire
1513 2124 1591 2166 hic.

160 2188 247 2228 MY.
287 2190 565 2242 Quapropter?
647 2189 727 2228 DA.
777 2190 841 2229 Ita
876 2190 981 2229 facto
1018 2196 1077 2229 est
1113 2204 1223 2244 opus.
1308 2190 1397 2231 Mr.
1445 2191 1617 2232 Matura..

321 2255 399 2294 DA.
440 2256 462 2295 J
468 2269 544 2304 am,
566 2255 741 2308 inquam,
762 2255 828 2294 hic
847 2257 977 2296 adero.

574 2450 750 2489 ACTUS
781 2449 855 2488 IV.
914 2450 1094 2491 SCENA
1125 2451 1208 2491 ΙΙΙ.

710 2534 858 2573 MYs1s.
916 2534 1072 2573 DAvus.

159 2618 246 2657 ΜΥ.
286 2617 407 2657 Nilne
427 2631 509 2657 esse
527 2617 731 2670 proprium
751 2616 966 2669 cuiquam?
1022 2616 1076 2656 Di
1094 2623 1267 2656 vostram
1287 2617 1430 2658 fidem!

159 2685 368 2724 Summum
386 2684 537 2723 bonum
556 2697 640 2723 esse
658 2683 764 2722 herae
784 2684 973 2735 putabam
991 2682 1099 2722 hunc
1119 2683 1385 2737 Pamphilum,

159 2750 358 2797 Amicum,
380 2755 608 2798 amatorem,
629 2750 760 2789 virum
780 2750 823 2788 in
843 2749 981 2802 quovis
998 2749 1086 2789 loco

159 2816 348 2855 Paratum
364 2829 373 2854 z
403 2829 541 2855 verum
561 2829 612 2855 ex
630 2829 676 2855 eo
696 2829 803 2855 nunc
821 2815 966 2856 misera
984 2828 1102 2868 quem
1121 2814 1228 2869 capit
