1670 3080
100 171 163 219 64
695 181 979 216 LUNUchs.

97 276 176 315 Tu.
216 275 350 328 Atque
379 274 436 314 ita
463 274 623 327 opus’st.
696 274 772 314 Cn.
814 273 907 313 Ah!
955 277 1091 313 metuo
1122 271 1279 327 qualem
1314 278 1359 312 tu
1389 284 1455 312 me
1481 283 1565 313 esse

258 341 463 382 hominem
483 343 708 381 existumes.
1510 341 1563 379 20

97 410 177 450 Tu.
216 409 349 448 Immo
367 408 443 448 hoc
464 409 636 461 cogitato
653 422 661 447 ε
693 407 853 461 quicum
872 421 934 447 res
956 407 1028 446 tibi
1049 412 1119 455 est,
1140 405 1372 460 peregrinus
1391 410 1475 446 est:

99 477 237 516 Minus
250 482 402 529 potens,
420 489 540 529 quam
556 481 610 523 tu,
631 475 764 514 minus
783 480 912 523 notus,
929 474 1061 512 minus
1081 473 1299 512 amicorum
1316 472 1383 512 hic
1401 472 1565 512 habens.

99 544 175 583 Cn.
216 544 305 582 Scio
324 543 424 582 istuc
441 557 449 582 :
480 541 550 581 sed
569 548 613 580 tu
632 541 738 594 quod
757 554 896 579 cavere
915 539 1053 593 possiS,
1075 539 1239 579 stultum
1259 538 1530 579 admittere’st.

99 610 211 649 Malo
231 623 316 662 ego,
338 623 409 648 nos
428 609 664 662 prospicere,
687 621 808 660 quam
826 606 934 645 hunc
954 606 1104 655 ulcisci,
1127 611 1290 659 accepta
1309 606 1466 660 injuria.

100 677 163 716 Tu
181 677 268 716 abi:
298 682 417 729 atque
441 676 579 715 obsera
607 675 750 714 ostium
776 675 895 722 intus,
927 673 1023 713 dum
1050 688 1124 727 ego
1151 674 1246 714 hinc
1272 681 1498 715 transcurro
1518 674 1570 714 ad

262 743 393 782 forum
409 756 417 781 z
1515 742 1566 781 25

102 807 205 849 Volo
226 823 311 862 ego,
334 809 468 847 adesse
484 807 549 847 hic
569 808 780 847 advocatos
799 807 913 846 nobis
932 807 974 846 in
994 807 1111 847 turba
1127 807 1216 847 hac.
1287 807 1366 848 Tu.
1402 807 1540 847 Mane.

103 878 178 918 Cn.
212 875 359 916 Melius
379 881 448 914 est.
505 875 583 913 ΤΗ.
617 875 752 913 Mane.
813 874 887 913 Cn.
920 875 1082 924 Omitte,
1098 874 1184 927 jam
1204 875 1336 916 adero.
1393 875 1471 914 ΤΗ.
1501 873 1572 913 Nil

266 956 365 995 opus
385 947 443 980 est
460 941 555 989 istis,
578 940 759 979 Chreme.

106 1011 196 1050 Hoc
215 1010 334 1048 modo
355 1009 429 1056 dic,
452 1021 626 1047 sororem
646 1021 730 1046 esse
750 1007 860 1046 illam
880 1013 990 1047 tuam
1006 1022 1016 1047 t
1047 1013 1087 1047 et
1104 1014 1144 1048 te
1161 1021 1328 1061 parvam
1348 1007 1545 1061 virginem

105 1076 319 1117 Amisisse:
339 1089 446 1114 nunc
460 1088 650 1127 cognosse
667 1088 675 1113 ε
697 1075 812 1126 signa
827 1075 1002 1114 ostende.
1044 1075 1117 1114 Pr.
1135 1075 1306 1115 Adsunt.
1350 1075 1429 1115 ΤΗ.
1452 1076 1572 1128 Cape.

107 1142 148 1182 Si
163 1143 245 1181 vim
264 1141 395 1190 faciet,
416 1141 458 1180 in
473 1140 540 1193 jus
559 1140 693 1179 ducito
712 1140 938 1180 hominem:
959 1141 1220 1181 intellextin'?
1267 1142 1342 1181 Cn.
1361 1141 1500 1181 Probe.
1521 1144 1574 1181 30

107 1210 186 1249 ΤΗ.
218 1210 310 1258 Fac,
333 1209 466 1248 animo
485 1208 572 1248 haec
593 1209 780 1261 praesenti
798 1214 844 1247 ut
862 1208 981 1248 dicas.
1048 1209 1123 1249 Cn.
1160 1209 1333 1266 Faciam.
1391 1209 1469 1248 Tu.
1501 1208 1575 1248 At-

270 1276 364 1315 tolle
384 1275 563 1328 pallium.
1420 1294 1422 1296 ·

109 1343 225 1392 Perii,
246 1343 340 1383 huic
360 1343 437 1396 ipsi
456 1348 515 1383 est
535 1357 632 1396 opus
651 1349 830 1396 patrono,
854 1356 972 1395 quem
992 1343 1240 1383 defensorem
1259 1355 1367 1395 paro.

515 1532 691 1573 ACTUS
722 1532 796 1572 IV.
857 1531 1037 1572 SCENA
1069 1532 1167 1572 VII.

281 1638 467 1677 Tmuso,
527 1638 723 1677 GNA‘rno.
785 1637 938 1675 SANGA.
998 1636 1213 1674 CHREMES.
1269 1636 1415 1675 Tmus.

112 1743 219 1783 Tmz.
242 1741 452 1782 Hanccine
473 1754 546 1793 ego
566 1745 611 1779 ut
626 1739 908 1779 contumeliam
923 1744 1003 1778 tam
1024 1739 1222 1792 insignem
1236 1739 1279 1779 in
1294 1753 1361 1779 me
1375 1739 1578 1795 accipiam,

278 1807 440 1848 Gnatho
454 1808 470 1846 ’ἱ

115 1875 222 1914 Mori
240 1888 304 1913 me
326 1873 507 1920 satius'st,
531 1872 704 1921 Simalio,
727 1873 886 1921 Donax,
910 1873 1077 1925 Syrisce,
1099 1872 1322 1926 sequimini.

116 1942 295 1981 Primum
315 1939 420 1979 aedes
441 1939 688 1991 expugnabo.
749 1939 829 1977 GN.
852 1939 988 1978 Recte.
1046 1940 1152 1979 Tua.
1175 1940 1384 1994 Virginem
1404 1940 1579 1994 eripiam.

280 2008 360 2047 GN.
401 2006 540 2045 Probe.

117 2074 224 2113 Tan.
264 2072 373 2111 Male
393 2071 576 2110 mulcabo
595 2071 735 2123 ipsam.
809 2072 890 2110 GN.
931 2072 1111 2112 Pulchre.
1188 2073 1294 2113 Tun.
1336 2074 1385 2114 In
1405 2075 1582 2116 medium
1666 2086 1670 2093 “

279 2139 357 2179 huc
377 2150 521 2190 agmen
542 2151 633 2176 cum
650 2138 766 2186 vecti,
789 2138 957 2187 Donax3
1666 2133 1670 2140 ⁴

120 2207 192 2254 Tu,
216 2204 389 2252 Simalio,
410 2203 452 2242 in
471 2202 673 2242 sinistrum
694 2217 840 2252 cornu;
872 2210 926 2252 tu,
950 2205 1116 2257 Syrisce,
1137 2206 1180 2245 in
1199 2206 1418 2248 dexterum.
1557 2210 1582 2248 5

122 2273 228 2312 Cedo
248 2271 344 2311 alios
361 2285 369 2310 :
399 2270 468 2309 ubi
487 2269 714 2309 centurio'st
734 2271 877 2323 Sanga,
899 2276 938 2310 et
955 2272 1182 2325 manipulus
1201 2273 1365 2314 furum?
1420 2275 1488 2315 SA.
1509 2274 1584 2316 Ec-

284 2351 387 2383 cum,
408 2336 530 2376 adest.
1653 2376 1663 2387 ,⁷

123 2408 230 2446 Tim.
271 2405 388 2453 Quid,
416 2404 590 2456 ignave?
616 2402 842 2457 peniculon’
867 2418 1057 2458 pugnare,
1088 2407 1157 2460 qui
1188 2407 1309 2447 istum
1335 2407 1414 2449 huc
1439 2413 1583 2462 porteS,
1655 2405 1661 2410 ⁸

285 2472 434 2525 cogitas
447 2472 463 2510 2

126 2542 192 2580 SA.
233 2538 403 2592 Egone?
430 2537 677 2590 imperatoris
696 2536 881 2575 virtutem
901 2550 1102 2586 noveram,
1125 2545 1164 2578 et
1183 2540 1265 2579 vim
1284 2540 1455 2581 militum
1471 2555 1481 2580 ε

126 2607 219 2646 Sine
239 2604 432 2657 sanguine
450 2603 525 2642 hoc
544 2616 625 2641 non
643 2615 756 2655 posse
777 2601 884 2641 fieri:
916 2603 982 2654 qui
1003 2604 1268 2655 abstergerem
1287 2605 1480 2646 volnera?
1659 2634 1670 2653 ,-

126 2674 233 2712 Tnn.
273 2671 353 2710 Ubi
383 2669 479 2709 alii?
562 2670 628 2708 SA.
668 2668 758 2717 Qui,
791 2668 954 2718 malum,
994 2670 1088 2709 alii?
1129 2671 1233 2712 solus
1271 2672 1420 2713 Sannio
1457 2679 1588 2714 servat

289 2737 408 2777 domi.
1535 2741 1588 2778 10

127 2807 162 2847 T
166 2821 234 2847 nn.
273 2806 336 2845 Tu
361 2804 479 2843 hosce
508 2803 684 2842 instrue:
713 2815 786 2855 ego
820 2815 886 2842 ero
919 2808 1007 2855 post
1032 2803 1250 2857 principia:
1279 2804 1373 2845 inde
1405 2805 1588 2846 omnibus
1660 2799 1662 2801 ’

291 2872 449 2924 signum
469 2870 582 2910 dabo.
1554 2862 1557 2866 ’
