1670 3080
513 148 672 180 ACTUS
710 146 744 178 1.
815 145 980 176 scENA
1018 144 1085 176 1v.
1446 123 1537 173 191

71 239 150 280 An.
200 236 319 285 Cedo,
358 234 456 288 quid
496 239 641 287 portas,
690 231 880 272 obsecro?
925 236 1045 284 atque
1087 229 1141 278 id,
1182 229 1215 269 si
1257 234 1381 283 potes,
1421 230 1543 269 verbo

233 302 389 356 expedi.
1491 301 1543 336 20

30 361 34 368 ’
69 373 146 413 Gn.
187 370 362 410 Faciam.
448 369 529 408 AN.
570 366 780 420 Eloquere.
881 366 960 405 Gn.
1002 363 1128 404 Modo
1166 364 1273 417 apud
1309 370 1514 416 portum-⁷

234 438 315 476 AN.
337 435 563 476 Meumne?
620 435 699 474 GE.
723 432 939 472 Intellexti.
999 432 1079 472 AN.
1102 431 1256 471 Occidi.
1306 431 1382 470 Pu.
1406 431 1540 470 Hem!

68 505 149 545 AN.
189 503 298 550 Quid
316 503 463 556 agam?
538 502 614 541 Pu.
654 501 762 546 Quid
781 501 873 540 ais?
949 501 1028 540 Gn.
1070 499 1203 553 Hujus
1222 505 1378 553 patrem
1397 499 1542 538 vidisse

229 584 308 620 me,
330 575 518 624 patruum
538 574 664 607 tuum.

66 628 146 679 AN.
187 638 295 678 Nam
316 637 423 691 quod
451 650 524 689 ego
553 635 646 675 huic
675 648 783 674 nunc
803 634 933 673 subito
954 634 1075 673 exitio
1094 634 1318 674 remedium
1337 633 1541 673 inveniam

230 705 352 745 miser
365 706 381 744 ’ἒ

65 773 183 818 Quod
201 773 234 812 si
253 786 300 812 eo
318 786 420 812 meae
440 772 611 810 fortunae
631 761 809 818 redemit,
833 769 1045 818 Phanium,
1068 770 1137 809 abs
1157 774 1195 808 te
1215 775 1261 808 ut
1279 769 1485 817 distrahar,

65 839 239 879 Nulla’st
271 838 371 879 mihi
401 838 484 878 vita
517 836 751 891 expetenda.
840 837 918 876 GE.
959 837 1068 889 Ergo
1097 837 1206 876 istaec
1241 850 1333 876 cum
1363 836 1419 876 ita
1450 837 1540 885 sint,

227 902 419 958 Antipho.
1489 906 1539 943 25

65 973 195 1012 Tanto
214 973 342 1026 magis
362 978 400 1011 te
420 972 636 1025 advigilare
656 971 887 1024 aequom’st:
918 972 1038 1010 fortes
1058 971 1218 1011 fortuna
1237 971 1411 1024 adjuvat.

63 1041 146 1079 AN.
170 1040 207 1079 Ν
212 1053 263 1079 on
284 1053 372 1079 sum
392 1039 500 1092 apud
518 1053 595 1078 me.
656 1039 733 1078 GE.
757 1039 882 1091 Atqui
902 1052 1000 1091 opus
1021 1044 1080 1077 est
1099 1052 1206 1077 nunc
1224 1051 1316 1077 cum
1335 1052 1538 1086 maxume,

225 1111 272 1145 ut
290 1105 352 1153 sis,
375 1104 557 1158 Antipho
575 1119 584 1144 :
614 1096 703 1157 ‘474
715 1100 746 1139 l·
767 1101 853 1145 ἶλμι
870 1123 886 1142 ς,
902 1100 952 1141 «sa
972 1110 1006 1142 ί,
1027 1126 1035 1139 ι
1055 1127 1079 1140 ³..
1110 1103 1172 1142 «Α
1198 1123 1242 1144 s..
1267 1124 1275 1138 s
1326 1114 1406 1148 stus
1422 1137 1433 1147 κ
1447 1135 1466 1149 ,7
1516 1137 1524 1144 ‚
1541 1134 1563 1147 ..
1634 1106 1645 1122 ³

64 1172 172 1211 Nam
193 1172 225 1211 si
245 1172 412 1212 senserit
430 1178 469 1211 te
489 1171 674 1211 timidum
694 1177 808 1224 pater
827 1185 922 1219 esse,
945 1171 1200 1210 arbitrabitur

65 1239 354 1279 Commeruisse
374 1239 545 1292 culpam.
632 1238 708 1278 Pu.
750 1239 841 1278 Hoc
863 1238 1064 1277 verum'st.
1141 1238 1224 1277 AN.
1264 1238 1358 1277 Non
1378 1252 1540 1292 possum

226 1307 485 1347 immutarier.
547 1353 551 1356 .
1490 1307 1494 1311 ’

66 1376 144 1414 Ge.
194 1375 302 1419 Quid
333 1375 494 1423 faceres,
530 1374 562 1413 si
595 1374 703 1413 aliud
737 1374 833 1427 quid
865 1374 1026 1426 gravius
1060 1373 1131 1413 tibi
1163 1387 1272 1413 nunc
1305 1374 1537 1414 faciundum

226 1441 330 1480 foret
343 1441 358 1480 ἲ
1486 1445 1539 1481 30

65 1508 146 1546 AN.
187 1507 288 1546 Cum
306 1506 383 1546 hoc
403 1520 484 1545 non
503 1520 676 1559 possum,
698 1506 797 1545 illud
816 1506 949 1545 minus
968 1520 1137 1559 possem.
1212 1508 1290 1547 Ga.
1328 1509 1418 1548 Hoc
1437 1508 1538 1548 nihil

227 1579 296 1622 est,
320 1573 530 1612 Phaedria:
560 1573 694 1612 illicet.

64 1639 171 1685 Quid
184 1639 249 1679 hic
269 1640 511 1679 conterimus
531 1653 693 1692 operam
713 1640 884 1679 frustra?
903 1640 999 1693 quin
1020 1641 1146 1680 abeo?
1203 1642 1278 1681 ΡΗ.
1302 1643 1354 1682 Et
1374 1632 1536 1695 quidem

225 1719 311 1759 ego.
397 1706 478 1744 AN.
519 1706 706 1753 Obsecro,

63 1772 171 1817 Quid
189 1772 222 1812 si
241 1772 439 1820 assimulo,
461 1772 576 1811 satin’
597 1774 684 1811 est?
776 1770 853 1812 GE.
895 1774 1046 1813 Garris.
1132 1775 1213 1814 AN.
1255 1775 1421 1815 Voltum
1442 1790 1536 1816 con-

226 1839 503 1892 templamini:
533 1839 653 1878 hem!

63 1906 188 1945 Satin'
208 1912 266 2012 θεέ
285 1907 370 1946 sic?
427 1907 504 1946 Gn.
535 1906 575 1945 N
578 1920 641 1945 on.
699 1908 780 1946 AN.
815 1907 922 1950 Quid
941 1907 974 1945 si
994 1907 1081 1947 sic?
1137 1909 1215 1948 GE.
1239 1908 1534 1963 Propemodum

299 1973 456 2017 .Quid
474 1972 504 2011 si
526 1973 607 2011 sic.
596 1973 612 2001 '²
696 1974 773 2012 GE.
815 1974 884 2012 Sat
903 1979 988 2012 est:

63 2038 198 2078 Hem.
190 2039 198 2067 ⁹
229 2039 330 2079 istuc
350 2053 489 2079 serva:
521 2045 561 2078 et
579 2038 746 2078 verbum
766 2040 898 2086 verbo,
920 2053 993 2092 par
1011 2040 1097 2092 pari
1116 2046 1161 2079 ut
1179 2041 1443 2149 respondeas3
1480 2045 1530 2083 35

62 2103 126 2143 Ne
146 2110 184 2143 te
203 2104 325 2144 iratus
345 2104 425 2144 suis
444 2105 640 2144 saevidicis
659 2105 774 2159 dictis
793 2105 973 2163 protelet.
1060 2107 1142 2146 AN.
1184 2108 1319 2147 Scio
1459 2117 1461 2120 “
1526 2123 1527 2126 ’

63 2170 141 2209 Gr..
181 2170 235 2209 Vi
253 2176 437 2210 coactum
455 2176 494 2210 te
515 2184 611 2219 esse,
632 2171 814 2219 invitum,
836 2171 937 2224 lege,
953 2171 1132 2224 judicio:
1164 2174 1333 2213 tenes?
1332 2207 1337 2216 .

63 2236 140 2276 Sed
158 2237 245 2290 quis
263 2237 328 2276 hic
348 2243 408 2277 est
426 2251 560 2287 seneX‚
582 2252 703 2291 quem
722 2238 868 2278 video
858 2253 900 2278 m
919 2238 1062 2279 ultima
1079 2240 1236 2293 platea.
1226 2241 1242 2269 '²
1296 2242 1378 2281 AN.
1415 2243 1531 2295 Ipsus

223 2308 294 2342 est.

61 2369 155 2408 Non
173 2383 335 2423 possum
355 2370 503 2410 adesse.
590 2372 668 2410 GE.
708 2371 801 2411 Ah!
833 2372 930 2425 quid
948 2373 1060 2426 agis?
1087 2386 1166 2426 quo
1186 2374 1281 2422 abis,
1305 2374 1513 2428 Antipho?

61 2436 199 2485 Mane,
219 2437 396 2490 inquam.
481 2438 562 2476 AN.
603 2438 775 2490 Egomet
793 2452 857 2477 me
877 2439 972 2477 novi
991 2445 1031 2478 et
1049 2445 1259 2492 peccatum
1277 2454 1413 2480 meum
1429 2455 1437 2480 :
1477 2444 1530 2480 40

62 2502 186 2542 Vobis
205 2498 442 2543 commendo
463 2504 661 2544 Phanium
681 2511 721 2544 et
738 2505 862 2544 vitam
882 2519 1028 2545 meam.

62 2569 138 2609 Pu.
181 2571 296 2619 Geta,
319 2571 416 2624 quid
433 2585 541 2610 nunc
562 2571 657 2611 fiet?
742 2573 825 2620 GE.v
861 2573 923 2611 Tu
935 2572 1023 2625 jam
1042 2572 1132 2613 lites
1151 2573 1310 2614 audies:

62 2636 148 2689 Ego
167 2636 319 2690 plectar
334 2637 526 2692 pendens,
548 2638 624 2676 nisi
645 2638 740 2690 quid
757 2652 823 2677 me
843 2639 1037 2679 fefellerit.

34 2736 37 2738 ,
65 2702 152 2752 Sed,
174 2703 281 2756 quod
298 2703 418 2743 modo
426 2703 502 2750 „hic
517 2717 590 2744 nos
610 2705 886 2757 Antiphonem
906 2706 1146 2755 monuimus,

65 2768 114 2808 Id
131 2775 286 2808 nosmet
302 2769 408 2822 ipsos
425 2769 556 2809 faeere
575 2775 739 2823 oportet,
763 2770 959 2812 Phaedria.
1475 2776 1527 2814 45

28 2872 31 2875 .
63 2833 140 2874 Pa.
175 2835 303 2874 Aufer
319 2835 377 2874 mi
395 2841 574 2888 oportet:
605 2837 700 2888 quin
721 2842 775 2885 tu,
797 2837 894 2890 quid
912 2838 1069 2888 faciam,
1090 2838 1255 2892 impera.

0 2909 254 2963 “ww-..42
308 2916 384 2964 ’,ἦα
573 2926 594 2950 s
717 2956 719 2958 ι
765 2936 814 2961 ἐξ»,
