1670 3080
509 204 679 238 Aeros
721 204 780 240 11.
851 206 1020 240 scENA
1053 206 1133 240 111.
1474 192 1566 242 161

85 289 144 331 Te
155 289 294 344 judice
311 291 425 346 ipso:
454 292 517 333 sin
536 293 636 334 ea'st
651 294 854 335 retinendi
873 309 994 336 causa
1012 295 1121 350 apud
1138 309 1221 346 vos,

84 357 190 404 Quia
208 372 318 413 aegra
337 365 420 401 est:
450 366 489 400 te
509 362 566 401 mi
585 362 774 416 injuriam
792 364 924 404 facere
945 363 1127 414 arbitror,
1152 363 1362 419 Phidippe,

85 425 302 477 Si-metuis,
324 429 418 468 satis
437 435 484 469 ut
501 444 604 470 meae
625 431 735 471 domi
754 437 917 471 curetur
936 431 1161 485 diligenter.
1515 436 1564 475 15

84 492 141 532 At
158 498 215 533 ita
232 508 298 534 me
318 495 374 535 Di
393 502 543 546 ament,
564 496 675 537 haud
694 497 766 537 tibi
784 497 861 538 hoc
881 498 1069 547 concede,
1092 498 1167 538 etsi
1186 498 1245 538 illi
1264 503 1380 553 pater
1398 513 1452 550 es,

82 560 138 601 Ut
155 566 201 602 tu
218 561 330 603 illam
349 563 501 604 salvam
520 565 651 618 magis
669 565 767 606 velis
783 580 792 615 ;
823 566 866 605 id
885 565 986 606 adeo
1004 565 1119 619 gnati
1139 579 1281 607 causa:

81 628 212 675 Quem
245 643 321 683 ego
350 630 531 671 intellexi
561 631 673 671 illam
700 631 811 672 haud
841 631 988 681 minus,
1021 645 1143 686 quam
1174 646 1215 673 se
1249 633 1393 687 ipsum,
1422 634 1561 688 magni

240 695 383 736 faeere.

77 760 222 816 Neque
241 763 341 804 adeo
360 763 467 805 clam
486 770 526 805 te
546 771 616 815 est,
634 779 756 820 quam
776 779 862 806 esse
883 780 976 807 eum
995 765 1170 806 laturum
1189 767 1365 820 graviter
1384 768 1558 818 credam,

77 825 168 867 Hoc
195 827 230 868 si
253 829 456 870 rescierit:
487 844 535 871 eo
565 830 733 872 domum
766 831 906 871 studeo
932 831 1049 880 hanc,
1085 831 1196 885 prius
1227 846 1349 886 quam
1382 832 1448 873 ille
1478 832 1558 874 huc

237 895 388 936 redeat.
1504 901 1557 939 20

22 974 26 978 ’
74 960 151 1002 ΡΗ.
191 962 360 1012 Laches,
382 969 423 1003 et
441 963 691 1017 diligentiam
711 970 886 1004 vostram
906 970 947 1004 et
964 963 1256 1018 benignitatem

72 1028 205 1069 Novi:
234 1035 275 1070 et
293 1043 384 1084 quae
405 1031 515 1080 dicis,
539 1032 676 1071 omnia
695 1046 791 1081 esse,
814 1038 860 1071 ut
880 1032 989 1081 dicis,
1013 1032 1195 1073 animum
1214 1033 1385 1073 induco:

72 1096 126 1137 Et
143 1102 182 1137 te
201 1096 278 1138 hoc
295 1099 354 1138 mi
373 1099 491 1153 cupio
510 1100 695 1140 credere:
725 1100 837 1140 illam
856 1100 908 1140 ad
927 1114 998 1140 vos
1015 1100 1144 1140 redire
1165 1101 1317 1150 studeo,

71 1165 112 1206 Si
130 1166 262 1207 facere
279 1167 430 1221 possim
448 1167 531 1208 ullo
550 1169 683 1208 modo.
757 1169 832 1208 LA.
869 1169 971 1213 Quae
991 1182 1054 1208 res
1073 1174 1112 1208 te
1130 1168 1173 1208 id
1191 1168 1323 1208 facere
1343 1167 1556 1223 prohibet?

71 1232 182 1274 Eho!
212 1235 506 1289 numquidnam
530 1241 693 1276 accusat
718 1236 876 1275 virum?
960 1236 1037 1276 ΡΗ.
1078 1235 1290 1292 Minmne:
1321 1250 1418 1277 nam
1446 1243 1555 1290 post-

234 1315 354 1355 quam
374 1303 528 1342 attendi
1501 1305 1552 1343 25

70 1366 217 1421 Magis,
239 1374 280 1408 et
297 1369 338 1408 vi
359 1370 464 1423 coepi
484 1384 638 1423 cogere,
659 1375 705 1409 ut
722 1370 870 1410 rediret
882 1384 892 1419 ;
923 1375 1060 1409 sancte
1081 1369 1248 1423 adjurat,

70 1433 111 1473 N
114 1447 166 1474 on
185 1447 300 1488 posse
319 1436 427 1489 apud
446 1449 516 1475 vos
539 1436 749 1489 Pamphilo
768 1451 810 1476 se
830 1436 993 1476 absente
1012 1436 1228 1489 perdurare
1244 1450 1253 1475 :

70 1500 196 1541 Aliud
214 1502 378 1542 fortasse
399 1502 467 1542 alii
488 1503 559 1542 viti
579 1509 663 1542 est:
695 1517 770 1556 ego
791 1517 879 1543 sum
900 1503 1035 1543 animo
1054 1503 1138 1543 leni
1157 1509 1298 1544 natus:

69 1568 163 1609 Non
184 1582 347 1623 possum
367 1569 573 1609 advorsari
592 1570 705 1610 meis.
791 1571 867 1610 LA.
904 1570 1014 1609 Hem
1031 1570 1040 1609 !
1073 1571 1261 1611 Sostrata.
1349 1571 1414 1611 So.
1456 1571 1552 1614 Heu

76 1631 80 1635 ’
231 1649 297 1675 1110
317 1636 527 1676 miseram!

70 1701 144 1742 LA.
185 1702 402 1743 Certumne
431 1710 491 1743 est
512 1704 648 1744 istuc?
733 1704 810 1744 Pu.
850 1704 970 1745 Nunc
997 1704 1161 1758 quidem
1186 1711 1232 1746 ut
1259 1706 1442 1748 videtur:
1481 1708 1552 1748 sed

232 1770 432 1823 numquid
451 1771 536 1811 vis?
1497 1777 1550 1815 30

70 1835 180 1877 Nam
201 1842 271 1886 est,
293 1837 402 1891 quod
420 1851 485 1878 me
505 1838 672 1879 transire
692 1837 744 1879 ad
762 1837 893 1878 forum
906 1836 994 1891 jam
1014 1843 1181 1892 oportet.
1240 1839 1315 1880 LA.
1338 1839 1398 1880 Eo
1417 1846 1550 1883 tecum

234 1919 326 1948 una.

487 2113 666 2154 ACTUS
696 2112 755 2153 ΙΙ.
815 2111 996 2153 SCENA
1030 2112 1113 2152 111.

685 2217 912 2256 SosrnA'rA.

68 2320 222 2375 Edepol
240 2334 304 2361 nae
323 2334 396 2360 nos
416 2334 552 2360 sumus
570 2320 708 2374 inique
727 2333 842 2372 aeque
864 2333 1004 2359 omnes
1023 2318 1164 2360 invisae
1184 2319 1290 2371 viris,
1302 2319 1312 2326 “

68 2388 235 2443 Ptopter
253 2403 400 2442 paucas
418 2403 426 2428 ε
458 2402 550 2442 quae
570 2401 711 2428 omnes
730 2387 883 2427 faciunt
902 2387 1036 2440 dignae
1055 2394 1101 2427 ut
1119 2388 1328 2429 videamur
1345 2388 1464 2430 malo.

67 2455 176 2496 Nam
204 2457 261 2496 ita
289 2471 354 2496 me
389 2456 443 2495 Di
474 2461 622 2504 ament,
654 2455 761 2508 quod
792 2469 857 2494 me
891 2460 1051 2495 accusat
1077 2455 1137 2496 vir
1170 2469 1290 2505 nunc,
1319 2470 1406 2496 sum
1434 2461 1547 2499 extra

228 2525 403 2566 noxiam.
900 2566 904 2568 ,

69 2592 147 2633 Sed
164 2606 246 2635 non
265 2593 381 2633 facile
402 2598 461 2633 est
481 2598 706 2646 expurgatu
722 2605 730 2631 ε
760 2592 816 2631 ita
835 2592 1015 2631 animum
1035 2592 1290 2642 induxerunt,
1312 2606 1446 2633 socrus

70 2659 222 2699 Omnes
242 2673 324 2699 esse
345 2659 525 2716 iniquas:
546 2659 655 2699 haud
673 2659 740 2712 pol
759 2673 825 2699 me
846 2659 1030 2712 quidem:
1052 2672 1147 2699 nam
1163 2673 1371 2712 nunquam
1388 2673 1500 2700 secus
1519 2663 1543 2700 5

71 2725 208 2768 Habui
232 2726 354 2776 illam,
379 2741 426 2767 ac
449 2726 482 2766 si
504 2741 555 2768 ex
581 2740 647 2766 me
677 2733 780 2767 esset
807 2733 930 2767 nata:
960 2740 1046 2776 nec,
1084 2727 1153 2781 qui
1178 2729 1258 2784 *hoc
1286 2728 1344 2768 mi
1371 2728 1544 2777 eveniat,

229 2795 334 2836 scio:

71 2860 159 2902 Nisi
177 2862 244 2918 pol
262 2862 390 2903 filium
409 2862 654 2903 multimodis
666 2862 755 2920 jam
775 2867 930 2917 expeto,
951 2867 995 2902 ut
1009 2862 1147 2903 redeat
1166 2862 1343 2904 domum.
