1670 3080
485 121 645 154 Aca-us
681 121 728 152 v.
799 120 964 152 SCENA
999 121 1069 153 1x.
1430 102 1523 152 149

55 207 174 256 Quod
195 207 365 250 nimium
384 206 437 248 ad
457 220 544 247 rem
570 207 613 247 in
643 211 804 247 senecta
831 207 973 247 attenti
999 221 1161 248 sumus:
1191 205 1298 247 hanc
1323 207 1525 247 maculam

214 289 289 316 nos
307 275 423 316 decet

51 343 263 398 Effingere:
293 343 445 384 dictum
465 347 525 382 est
542 354 647 391 vere,
669 347 711 381 et
727 355 771 381 re
791 341 878 395 ipsa
896 341 983 380 fieri
1003 346 1170 394 oportet,
1230 340 1308 380 M1.
1341 341 1521 382 Gaudeo.

50 411 158 458 Quid
177 411 294 452 istic?
321 411 488 460 dabitur,
511 409 835 464 quandoquidem
855 409 921 448 hic
940 408 1035 448 volt.
1122 409 1208 448 AES.
1248 408 1311 448 Mi
1329 413 1454 462 pater.

48 479 127 520 Da.
167 478 288 520 Nunc
306 478 364 520 mi
383 492 424 520 es
441 491 656 532 germanus
675 477 824 531 pariter
842 476 977 516 animo
997 482 1036 515 et
1055 489 1232 530 corpore.

473 677 652 720 ACTUS
683 678 734 719 V.
793 677 976 719 SCENA
1006 677 1085 717 IX.

343 785 490 825 Simus.
548 785 717 824 DEMEA.
776 784 924 823 M1c1o.
981 784 1224 824 AEscmnus.

42 892 109 932 SY.
132 891 212 931 Suo
232 890 306 930 sibi
324 889 458 943 gladio
476 889 585 930 hunc
599 889 762 943 jugulo:
782 889 933 928 factum
954 893 1024 938 est,
1042 888 1149 941 quod
1162 888 1325 941 jussisti,
1345 888 1512 930 Demea.

40 957 121 998 DE.
154 956 277 1010 Frugi
294 956 416 996 homo
435 970 477 996 es
493 970 502 995 ε
534 969 608 1009 ego
629 955 771 1008 edepol
789 954 920 1002 hodie,
942 968 1033 995 mea
1053 954 1215 1008 quidem
1234 957 1443 1006 sententia,

40 1023 197 1074 Judico,
220 1024 366 1077 Syrum
386 1023 473 1063 fieri
491 1036 576 1063 esse
595 1036 757 1076 aequum
776 1021 959 1062 liberum.
1037 1022 1114 1061 M1.
1156 1022 1294 1062 Istunc
1314 1022 1485 1063 liberum
1501 1025 1516 1064 2

39 1092 253 1138 Quodnam
272 1092 323 1131 ob
342 1091 523 1131 factum?
580 1091 659 1132 DE.
682 1089 826 1130 Multa.
886 1090 952 1130 SY.
976 1090 1012 1129 O
1028 1095 1163 1129 noster
1183 1090 1350 1141 Demea,
1373 1092 1515 1146 edepol

198 1158 260 1198 vir
276 1158 462 1198 bonus’s:

38 1225 125 1280 Ego
142 1226 238 1266 istos
255 1225 367 1266 vobis
385 1238 511 1279 usque
530 1239 554 1264 a
572 1224 706 1278 pueris
726 1224 862 1264 curavi
881 1224 1019 1264 ambos
1039 1223 1201 1274 sedulo3
1487 1230 1512 1266 5

37 1292 180 1342 Docui,
201 1293 351 1342 monui,
371 1293 475 1332 bene
492 1292 668 1346 praecepi
688 1305 855 1344 semper,
878 1305 967 1345 quae
986 1296 1098 1344 potul
1118 1291 1265 1331 omnia.

37 1360 117 1400 DE.
156 1361 238 1400 Res
257 1365 446 1414 apparet:
478 1366 519 1399 et
537 1359 700 1413 quidem
719 1373 838 1412 porro
856 1359 956 1408 haec,
978 1372 1172 1412 opsonare
1193 1373 1286 1400 cum
1305 1359 1396 1410 fide,

35 1428 219 1468 Scortum
239 1426 448 1475 adducere,
469 1439 660 1479 apparare
681 1426 730 1465 de
750 1426 814 1465 die
835 1426 1064 1465 convivium
1082 1440 1092 1465 ε

35 1494 131 1536 Non
149 1493 361 1535 mediocris
379 1492 554 1533 hominis
572 1493 660 1532 haeo
681 1499 774 1532 sunt
794 1493 936 1532 officia.
1014 1493 1082 1532 SY.
1123 1494 1159 1533 Ο
1179 1493 1356 1547 lepidum
1377 1501 1507 1548 caput.

34 1563 115 1603 Dis.
155 1563 372 1609 Postremo,
392 1560 511 1600 hodie
530 1561 573 1600 in
591 1560 755 1614 psaltria
773 1561 849 1600 ista
868 1560 1043 1600 emunda
1060 1560 1126 1600 hic
1146 1561 1302 1614 adjutor
1320 1561 1407 1612 fuit,
1459 1566 1510 1603 10

36 1630 116 1671 Hic
137 1631 315 1671 curavit:
344 1630 532 1685 prodesse
551 1628 787 1683 aequum'st:
818 1627 886 1667 alii
904 1627 1088 1667 meliores
1108 1633 1249 1678 erunt;

34 1698 220 1752 Denique
252 1699 318 1739 hic
349 1698 433 1738 volt
465 1697 564 1737 fieri.
650 1696 729 1736 M1.
771 1696 865 1735 Vin'
886 1701 943 1735 tu„
955 1695 1031 1735 hoc
1058 1695 1172 1735 fieri?
1238 1696 1325 1739 AEs.
1366 1698 1506 1752 Cupio.

197 1767 275 1806 M1.
316 1766 358 1806 Si
377 1765 539 1819 quidem

30 1833 95 1874 Tu
113 1833 341 1886 vis—Syre,
363 1832 439 1873 eho
456 1833 465 1872 !
507 1832 652 1872 accede
671 1831 750 1871 huc
771 1831 822 1871 ad
840 1831 1062 1871 me—liber
1082 1837 1178 1873 esto.
1281 1834 1348 1874 SY.
1393 1836 1504 1875 Bene

193 1901 292 1940 facis
308 1914 317 1940 :

31 1966 231 2008 Omnibus
249 1966 421 2020 gratiam
439 1965 567 2005 habeo
585 1979 594 2005 ε
626 1970 667 2005 et
685 1979 861 2005 seorsum
881 1964 950 2005 tibi
970 1971 1176 2019 praeterea,
1199 1967 1368 2009 Demea.

31 2035 112 2076 Da.
138 2035 317 2076 Gaudeo.
375 2034 462 2074 AES.
494 2034 546 2073 Et
565 2047 652 2086 ego.
712 2033 778 2072 SY.
811 2032 966 2073 Credo:
995 2033 1151 2074 utinam
1170 2033 1246 2074 hoc
1266 2041 1506 2089 perpetuum

191 2102 262 2142 fiat
278 2101 484 2155 gaudium,
1455 2107 1503 2143 15

29 2171 247 2225 Phrygiam
264 2176 311 2210 ut
327 2184 496 2210 uxorem
514 2182 647 2208 meam
665 2181 748 2208 una
765 2181 926 2208 mecum
944 2168 1104 2208 videam
1123 2168 1302 2210 liberam.

30 2238 110 2279 Da.
150 2239 370 2292 Optumam
390 2237 552 2290 quidem
574 2235 797 2275 mulierem.
883 2235 951 2274 SY.
992 2235 1045 2275 Et
1064 2235 1228 2288 quidem
1257 2242 1326 2277 tuo
1354 2239 1502 2292 nepoti,

189 2305 308 2359 hujus
326 2304 421 2354 fih‘o,

30 2373 163 2414 Hodie
181 2373 312 2427 prima
329 2385 550 2412 mammam
569 2371 680 2411 dedit
696 2371 797 2410 haec.
883 2371 962 2410 DE.
1003 2370 1153 2411 Hercle
1173 2385 1268 2412 vero
1287 2373 1401 2422 serio,

30 2439 236 2494 Siquidem
253 2439 384 2493 prima
402 2438 536 2488 dedit;
566 2438 675 2477 haud
694 2437 921 2486 dubium’st,
944 2437 1039 2490 quin
1061 2437 1188 2477 emitti
1203 2452 1365 2492 aequum
1385 2439 1469 2480 siet.

31 2506 109 2547 M1.
149 2507 212 2547 Ob
232 2520 321 2546 eam
346 2506 462 2546 rem?
545 2505 625 2545 Dn.
666 2505 729 2544 Ob
756 2518 872 2544 eam:
902 2510 1103 2558 postremo
1133 2518 1158 2544 a
1185 2518 1250 2544 me
1275 2511 1499 2559 argentum,

192 2572 331 2625 quanti
351 2577 422 2621 est,
443 2571 601 2611 sumito.
1448 2576 1501 2613 20

31 2639 99 2680 Sir.
138 2639 194 2679 Di
212 2640 294 2689 tibi,
317 2640 484 2688 Demea,
506 2639 641 2679 omnia
660 2652 798 2678 omnes
817 2651 975 2691 semper
993 2642 1128 2691 optata
1147 2637 1326 2678 offerant.

34 2705 112 2746 M1.
146 2706 255 2760 Syre,
269 2706 495 2760 processisti
513 2706 631 2746 hodie
650 2704 828 2759 pulchre.
887 2705 966 2744 DE.
990 2704 1195 2758 Siquidem
1213 2719 1342 2758 porro,
1362 2705 1500 2757 Micio,

33 2773 96 2814 Tu
113 2779 227 2814 tuum
245 2774 421 2814 officium
439 2774 584 2824 facies;
615 2779 734 2826 atque
753 2773 846 2812 huic
866 2772 1018 2825 aliquid
1034 2772 1200 2826 paulum
1219 2786 1303 2826 prae
1322 2787 1447 2814 manu

34 2838 214 2891 Dedefis,
235 2841 341 2882 unde
360 2846 516 2882 utatur:
546 2841 687 2881 reddet
705 2840 776 2879 tibi
795 2840 884 2880 cito.
943 2839 1007 2878 M1
1063 2839 1169 2880 Istoc
1188 2838 1317 2879 vilius.
