1670 3080
108 91 132 137 1
142 93 205 139 88
716 108 961 141 PHoano.

103 193 325 246 Quisquam
345 192 493 241 aderat,
515 193 583 246 qui
605 192 801 246 adjutaret
818 194 964 234 funus:
993 194 1217 234 miseritum
1232 200 1279 235 st.

103 257 229 310 Virgo
248 258 334 311 ipsa
353 258 454 297 facie
474 258 674 311 egregia.’'
731 260 839 304 Quid
858 260 987 299 verbis
1009 260 1185 313 opus’st?
1516 264 1575 303 50

103 324 333 364 Commorat
351 339 489 365 omnes
509 338 592 365 nos.
653 326 716 365 Ibi
736 327 925 366 continuo
947 327 1127 381 Antipho
1144 342 1152 367 ε

102 391 285 431 Voltisne
307 406 443 432 eamus
462 393 614 432 visere?
643 393 754 442 alius,
778 394 953 433 censeo:

102 458 277 499 Eamus:
308 460 385 499 duc
404 473 477 499 nos
497 461 621 500 sodes.
682 461 804 510 Imus,
827 462 1021 509 venimus,

101 525 297 566 Videmus
314 541 322 565 :
353 527 464 579 virgo
483 527 672 580 pulchra:
704 534 754 576 et,
777 542 855 580 quo
875 528 1003 581 magis
1024 528 1186 576 diceres,
1398 574 1402 578 ,
1559 569 1562 571 Α

100 592 214 632 Nihil
233 593 371 633 aderat
389 594 608 646 adjumenti
628 595 679 634 ad
697 595 1034 648 pulchritudinem
1052 609 1060 634 ε
1516 599 1568 637 55
1619 598 1623 602 “

101 659 275 712 Capillus
293 674 442 714 passus,
463 661 593 700 nudus
612 675 693 714 pes,
714 661 800 714 ipsa
818 661 988 711 horrida,
1217 701 1225 715 Ι

100 727 320 780 Lacrymae,
343 728 507 767 vestitus
527 729 651 781 turpis
668 743 677 767 :
707 735 762 778 ut,
784 729 827 767 ni
846 729 908 782 vis
925 730 1021 782 boni
1109 729 1136 769 l?
1155 735 1171 769 ἰ
1189 741 1229 773 εςῑ
1256 705 1304 776 [U
1327 732 1480 779 3540(

100 794 151 833 In
170 794 256 848 ipsa
275 795 421 834 inesset
438 795 578 843 forma,
599 794 687 834 haec
706 795 876 834 formam
897 795 1187 848 extinguerent.

99 861 186 910 Ille,
209 862 278 915 qui
297 861 407 901 illam
426 862 586 901 amabat
605 862 809 902 fidicinam
829 863 1119 912 tantummodo,

99 929 212 976 Satis,
234 929 373 981 inquit,
395 929 569 969 scita’st:
599 934 733 969 noster
752 943 900 969 vero—
955 931 1035 969 DA.
1076 931 1169 970 Jam
1188 931 1294 971 scio:
1515 933 1569 972 60

97 994 246 1033 Amare
268 994 400 1047 coepit.
490 996 568 1034 GE.
609 995 714 1034 Scin'
735 997 886 1047 quam?
914 1009 992 1049 quo
1012 997 1167 1047 evadat,
1188 997 1293 1037 vide.

98 1061 290 1100 Postridie
311 1061 362 1100 ad
380 1075 503 1101 anum
522 1067 631 1102 recta
648 1063 804 1116 pergit:
835 1063 1026 1112 obsecrat,

95 1127 151 1166 Ut
170 1128 244 1167 sibi
264 1127 349 1180 ejus
368 1128 489 1168 faciat
507 1129 663 1182 copiam
680 1144 688 1168 ε
719 1130 787 1169 illa
807 1131 915 1170 enim
935 1145 976 1171 se
997 1137 1140 1184 negat:

95 1193 238 1246 Neque
259 1208 351 1233 eum
371 1208 529 1248 aequom
548 1195 679 1235 facere
698 1196 754 1235 ait
771 1210 779 1235 :
809 1196 920 1236 illam
940 1197 1069 1237 civem
1088 1212 1173 1238 esse
1194 1199 1383 1248 Atticam,

94 1261 265 1300 Bonam.
282 1261 397 1302 bonis
415 1268 653 1315 prognatam
671 1277 680 1302 :
712 1263 744 1302 si
763 1277 930 1303 uxorem
949 1264 1057 1314 velit,
1513 1269 1563 1306 65

94 1328 202 1381 Lege
222 1328 264 1369 id
283 1328 401 1368 licere
421 1329 551 1369 facere
569 1343 577 1368 :
609 1330 670 1368 sin
690 1329 815 1378 aliter,
837 1335 970 1383 negat.

94 1395 250 1444 Noster,
274 1396 370 1448 quid
388 1401 535 1449 ageret,
557 1396 710 1436 nescire
728 1411 737 1436 ι
769 1402 809 1435 et
826 1396 936 1436 illam
956 1397 1099 1437 ducere

94 1462 301 1515 Cupiebat,
324 1469 364 1503 et
381 1464 586 1503 metuebat
605 1465 811 1503 absentem
830 1469 999 1517 patrem.

93 1529 172 1569 DA.
214 1530 321 1579 Non,
343 1530 375 1569 si
394 1530 570 1580 redisset,
594 1531 629 1570 ei
652 1536 765 1585 pater
783 1530 943 1570 veniam
964 1530 1104 1570 daret?

94 1596 171 1634 Gn.
212 1595 286 1635 Ille
307 1596 527 1635 indotatam
548 1596 745 1649 virginem
765 1602 884 1649 atque
904 1596 1122 1649 ignobilem
1217 1624 1230 1632 ι
1510 1599 1562 1640 70

92 1661 219 1700 Daret
237 1662 323 1701 illi?
351 1676 560 1715 nunquam
578 1663 738 1702 faceret.
824 1663 905 1702 DA.
945 1663 1052 1708 Quid
1072 1663 1118 1703 fit
1137 1663 1307 1716 denique
1323 1664 1339 1703 2

94 1729 171 1767 GE.
213 1729 320 1774 Quid
339 1729 438 1768 fiat?
457 1734 526 1769 *est
544 1729 739 1782 parasitus
760 1729 923 1782 quidam
944 1729 1144 1779 Phormio,

92 1795 228 1835 Homo
248 1796 450 1836 confidens
465 1811 474 1846 ;
507 1797 575 1849 qui
594 1797 707 1836 illum
729 1797 784 1836 Di
803 1810 941 1836 omnes
960 1797 1174 1850 perduint!

90 1863 170 1902 DA.
212 1863 319 1908 Quid
337 1864 370 1902 is
389 1864 509 1903 fecit?
594 1866 670 1904 Gn.
712 1865 803 1904 Hoc
824 1865 1045 1915 consilium,
1067 1865 1174 1919 quod
1193 1865 1335 1915 dicam,
1357 1866 1490 1907 dedit:

91 1929 177 1968 Lex
196 1934 265 1977 est,
286 1935 332 1968 ut
351 1930 468 1978 orbae,
491 1930 559 1983 qui
578 1936 671 1969 sunt
688 1944 835 1983 genere
854 1933 1051 1984 proxumi,
1279 1927 1283 1930 ”
1507 1936 1557 1977 75

91 1995 146 2035 Iis
166 1996 331 2044 nubant,
354 2002 393 2035 et
412 1996 500 2035 illos
520 1996 664 2036 ducere
686 1997 827 2037 eadem
845 1998 933 2038 haec
953 1998 1019 2039 lex
1031 1999 1159 2052 jubet.

90 2062 177 2114 Ego
197 2068 235 2102 te
256 2068 469 2115 cognatum
490 2062 635 2116 dicam,
658 2068 699 2102 et
717 2063 790 2103 tibi
810 2064 979 2105 scribam
999 2065 1131 2110 dicam
1148 2079 1157 2104 :
1178 2068 1239 2103 ¹122
1300 2059 1308 2085 7
1335 2060 1338 2063 ’

90 2129 307 2168 Paternum
328 2129 501 2168 amicum
521 2142 586 2168 me
607 2129 844 2169 assimulabo
864 2131 1028 2183 virginis
1045 2146 1054 2170 :

88 2194 156 2234 Ad
170 2194 325 2248 judices
344 2195 549 2234 veniemus
566 2209 575 2234 ε
607 2195 675 2248 qui
692 2195 813 2234 fuerit
828 2201 954 2251 pater,

89 2260 190 2304 Quae
208 2265 346 2309 mater,
369 2259 437 2313 qui
457 2266 626 2312 cognata
644 2259 716 2299 tibi
734 2261 808 2309 sit;
840 2262 975 2302 omnia
992 2261 1080 2302 haec
1478 2273 1482 2277 ”
1503 2270 1556 2308 80

89 2326 326 2380 Confingam
343 2341 352 2366 z
383 2327 489 2379 quod
508 2327 582 2366 erit
600 2327 699 2366 mihi
717 2328 868 2370 bonum
889 2334 1007 2381 atque
1028 2330 1295 2381 commodum,

88 2393 190 2433 Cum
210 2399 253 2432 tu
271 2393 415 2433 horum
433 2392 491 2432 'nil
510 2393 676 2442 refelles,
698 2394 857 2434 vincam
877 2395 1038 2436 scilicet.

89 2460 207 2500 Pater
225 2460 375 2500 aderit:
404 2460 503 2500 mihi
521 2467 671 2514 paratae
690 2461 801 2500 lites:
832 2462 928 2514 quid
946 2464 1067 2503 mea?

89 2525 166 2566 Illa
184 2526 345 2580 quidem
365 2532 501 2566 nostra
521 2527 604 2566 erit.
690 2528 771 2567 DA.
812 2528 837 2568 J
841 2527 1039 2569 ocularem
1058 2531 1279 2572 audaciam.

89 2593 166 2632 Ga.
209 2592 498 2632 Persuasum'st
515 2593 669 2634 homini
686 2607 694 2632 :
724 2594 947 2634 factum’st:
978 2596 1216 2636 ventum’st:
1246 2598 1470 2640 vincimur:
1500 2603 1551 2642 85

87 2657 226 2697 Duxit.
284 2659 363 2698 DA.
387 2659 494 2704 Quid
512 2660 679 2699 narras?
737 2660 814 2699 Ga.
838 2660 942 2709 Hoc,
964 2661 1071 2714 quod
1089 2662 1214 2702 audis.
1271 2663 1350 2704 DA.
1375 2666 1412 2706 Ο
1433 2667 1549 2717 Geta,

88 2725 195 2769 Quid
214 2730 252 2764 te
271 2725 528 2766 futurum’st?
613 2727 691 2766 Gn.
731 2726 878 2767 Nescio
897 2727 1054 2769 hercle:
1083 2743 1210 2770 unum
1227 2730 1304 2771 hoc
1323 2731 1414 2783 scio,

88 2791 205 2837 Quod
222 2792 302 2832 fors
320 2792 430 2842 feret,
451 2793 624 2834 feremus
642 2806 758 2847 aequo
777 2794 924 2835 animo.
1009 2795 1089 2836 DA.
1129 2794 1289 2838 Placet:

334 2882 358 2896 Σ

1480 2892 1493 2910 Λ

121 2948 127 2955 s
146 2940 163 2950 ,-
191 2940 237 2957 2„-
254 2920 273 2946 f
357 2932 365 2947 ς
450 2912 464 2934 2*
482 2938 486 2945 α
507 2939 513 2942 >
542 2940 548 2945 .
578 2935 587 2946 e
638 2905 705 2947 ΧΑ(
724 2933 741 2948 ιι
761 2931 766 2938 ’
845 2931 891 2950 ’.,
987 2939 995 2962 ’ν
1094 2947 1095 2950 ,
1144 2913 1196 2959 [31³3
1211 2918 1254 2954 hs:
1299 2931 1343 2952 '3⁷1⁵
1369 2928 1439 2960 Η-τχ
1470 2911 1533 2944 ''A'‘
