1670 3080
104 146 170 195 90
503 158 750 192 HEAnroN
785 156 1170 190 TIMORUMENOS.

105 247 171 286 Sr.
203 245 339 294 Mane,
359 244 488 285 habeo
508 244 627 293 aliud,
650 244 683 284 si
701 244 774 283 iste
794 247 854 282 est
870 248 1010 290 metm,
1033 240 1141 294 quod
1159 239 1277 279 ambo
1296 236 1566 278 confiteamini

104 312 197 351 Sine
234 310 383 365 periclo
421 324 518 350 esse.
605 310 718 350 Cur.
759 307 1001 361 Hujusmodi
1039 307 1200 346 obsecro
1237 304 1388 358 aliquid
1421 302 1564 356 reperi.

266 377 332 416 Sr.
375 376 569 415 Maxume
587 390 596 415 :

106 444 180 484 Ibo
201 443 358 483 obviam
377 442 471 482 huic
487 457 497 492 3
528 442 671 491 dicam,
691 447 738 480 ut
755 445 976 480 revortatur
994 439 1170 478 domum.
1256 437 1369 476 Cm.
1408 435 1529 482 Hem,

104 510 213 555 Quid
231 509 362 549 dixti?
436 510 503 548 Sr.
542 508 763 548 Ademtum
783 507 855 546 tibi
868 506 955 558 jam
973 506 1068 544 faxo
1087 517 1249 544 omnem
1267 508 1445 542 metum:
1492 504 1569 541 100

104 576 154 616 In
174 590 311 616 aurem
332 575 524 615 utramvis
544 575 666 615 otiose
685 580 731 614 ut
750 574 933 613 dormias.

105 643 218 682 Cm‘r.
250 643 357 687 Quid
376 656 452 695 ago
470 642 610 682 nunc?
673 641 791 680 ΟΜΝ.
822 640 966 680 Tune?
994 639 1101 692 quod
1118 637 1269 678 boni—
1314 637 1427 676 Cur.
1459 636 1568 689 Syre,

269 710 331 749 dic
351 710 470 749 modo

95 774 269 814 Verum.
357 775 423 814 SY.
463 774 554 827 Age
573 773 716 813 modo:
745 772 864 812 hodie
884 785 970 812 sero
990 784 1036 811 ac
1055 769 1322 823 nequicquam
1341 767 1462 808 voles.

106 841 223 880 ΟΜΝ.
265 841 319 880 Di
339 841 447 890 dant,
468 841 612 890 fruare,
635 841 731 880 dum
750 840 869 880 licet:
899 853 995 879 nam
1014 838 1218 878 nescias—

103 907 217 946 Cmr.
259 907 367 959 Syre,
389 907 566 959 inquam.
652 907 719 946 Sr.
759 906 886 958 Perge
905 917 1034 958 porro,
1057 910 1192 944 tamen
1211 902 1312 942 istuc
1332 914 1421 954 ago.
1494 902 1570 940 105

103 973 220 1012 Cam.
261 973 358 1026 Ejus
379 973 429 1012 sit
446 978 620 1026 potestas
638 972 803 1025 posthac
823 985 875 1011 an
895 984 1104 1024 nunquam
1123 969 1207 1009 tibi.

103 1040 216 1079 CLIT.
257 1040 410 1079 Verum
431 1039 566 1078 hercle
590 1039 690 1078 istuc
720 1044 804 1078 est:
836 1039 945 1091 Syre,
976 1038 1084 1090 Syre,
1114 1036 1291 1088 inquam,
1319 1034 1431 1083 heus,
1458 1032 1570 1081 heus,

266 1107 375 1159 Syre.

103 1173 169 1212 SY.
205 1171 413 1212 Concaluit
429 1186 438 1211 :
470 1172 567 1225 quid
584 1172 673 1212 vis?
742 1171 856 1210 Cmr.
892 1170 1007 1219 Redi,
1028 1169 1126 1209 redi.
1200 1169 1266 1208 Sr.
1302 1167 1472 1215 Adsum,
1495 1166 1571 1214 dic,

265 1238 362 1290 quid
382 1238 471 1277 est?

103 1306 129 1345 J
132 1319 198 1345 am
216 1304 293 1344 hoc
314 1317 471 1358 quoque
490 1303 655 1357 negabis
674 1303 745 1343 tibi
763 1303 932 1356 placere.
1020 1303 1134 1342 Cm'r.
1175 1302 1319 1350 Immo,
1342 1301 1451 1354 Syre,

102 1373 155 1413 Et
173 1387 238 1412 me
258 1378 299 1412 et
317 1386 454 1412 meum
473 1385 651 1411 amorem
671 1376 711 1410 et
729 1371 879 1410 famam
898 1370 1084 1423 permitto
1099 1370 1182 1409 tibi.
1496 1370 1572 1406 110

101 1439 165 1479 Tu
184 1453 224 1478 es
237 1439 390 1492 judex:
421 1451 473 1478 ne
495 1437 591 1490 quid
610 1436 856 1476 accusandus
876 1436 940 1484 sis,
962 1436 1064 1476 vide.

103 1506 168 1545 Sr.
209 1504 439 1545 Ridiculum
461 1509 531 1551 est,
553 1509 592 1542 te
611 1503 713 1542 istuc
730 1516 797 1542 me
818 1501 1045 1551 admonere,
1069 1501 1254 1556 Clitipho,

105 1572 229 1617 Quasi
248 1570 335 1611 istic
355 1585 447 1611 mea
466 1584 529 1610 res
547 1570 679 1610 minor
697 1574 850 1622 agatur,
873 1583 994 1622 quam
1013 1574 1094 1609 tua.

102 1638 182 1677 Hic
203 1638 236 1677 si
255 1637 352 1690 quid
369 1637 485 1677 nobis
504 1637 605 1676 forte
626 1635 783 1676 adversi
802 1635 991 1684 evenerit,

100 1705 191 1745 Tibi
210 1711 327 1745 erunt
343 1710 484 1758 parata
503 1704 625 1744 verba
641 1717 650 1743 :
679 1702 774 1742 huic
792 1702 947 1742 homini
966 1703 1144 1742 verbera.
1496 1702 1570 1739 115

102 1773 352 1824 Quapropter
370 1770 459 1810 haec
478 1783 541 1810 res
561 1783 613 1809 ne
631 1769 813 1821 utiquam
831 1768 1018 1820 neglectu
1038 1773 1098 1807 est
1115 1766 1216 1807 mihi
1237 1781 1246 1806 :

102 1838 181 1878 Sed
197 1838 327 1877 istunc
347 1851 479 1886 exora,
499 1843 546 1877 ut
565 1850 677 1876 suam
699 1849 783 1875 esse
803 1835 1017 1875 assimulet.
1107 1835 1224 1874 Cum.
1265 1833 1425 1873 Scilicet

102 1906 318 1946 Facturum
336 1920 401 1945 me
421 1919 506 1945 esse
522 1920 531 1954 ;
553 1906 595 1944 in
616 1919 708 1944 eum
727 1917 790 1943 res
808 1904 927 1942 rediit
940 1903 1026 1955 jam
1046 1902 1191 1950 locum,

102 1974 159 2013 Ut
176 1974 227 2013 sit
244 1987 465 2013 necessum.
551 1973 665 2011 Cmr.
705 1971 853 2010 Merito
872 1976 911 2008 te
931 1984 1034 2017 amo,
1058 1969 1199 2008 Clinia.

104 2041 222 2079 ΟΜΝ,
262 2039 415 2078 Verum
433 2038 503 2077 illa
521 2051 572 2077 ne
593 2037 688 2090 quid
707 2037 861 2076 titubet.
948 2037 1014 2075 Sr.
1056 2035 1300 2075 Perdocta'st
1318 2034 1452 2087 probe.
1496 2035 1572 2071 120

104 2108 218 2146 Cm‘r.
259 2107 317 2146 At
333 2106 409 2146 hoc
428 2105 612 2153 demiror,
635 2104 704 2157 qui
722 2109 805 2142 tam
824 2102 941 2142 facile
962 2101 1138 2155 potueris

105 2174 347 2214 Persuadere
366 2173 436 2222 illi,
459 2186 549 2226 quae
569 2171 670 2211 solet
688 2183 786 2224 quos
805 2182 1002 2222 spernere.

106 2243 172 2281 SY.
214 2241 264 2280 In
284 2246 460 2293 tempore
481 2239 533 2278 ad
551 2251 641 2277 eam
660 2236 763 2285 veni,
786 2235 892 2288 quod
910 2248 1042 2274 rerum
1063 2235 1294 2274 omnium’st

106 2308 287 2347 Primum
304 2320 313 2345 z
342 2319 439 2345 nam
457 2305 648 2344 miserum
668 2303 869 2356 quendam
889 2301 1036 2340 offendi
1055 2301 1110 2340 ibi
1129 2301 1298 2341 militem

107 2375 204 2427 Ejus
223 2378 382 2413 noctem
403 2377 605 2411 orantem:
635 2370 723 2409 haec
743 2374 826 2408 arte
847 2369 1040 2407 tractabat
1058 2368 1202 2416 virum,
1495 2368 1571 2406 125

109 2443 164 2481 Ut
181 2441 286 2480 illius
305 2440 485 2480 animum
504 2438 693 2491 cupidum
712 2436 848 2490 inopia
865 2435 1120 2475 incenderet:

109 2508 339 2560 Eademque
358 2511 404 2546 ut
422 2511 526 2545 esset
544 2504 652 2557 apud
670 2510 709 2543 te
728 2503 804 2542 hoc
824 2516 944 2554 quam
962 2501 1245 2554 gratissimum.

110 2575 189 2615 Sed
206 2574 305 2614 heus
324 2579 379 2621 tu,
400 2573 491 2612 vide
511 2571 575 2620 sis,
597 2584 649 2610 ne
670 2570 765 2622 quid
784 2568 1015 2622 imprudens
1035 2582 1139 2609 ruas.

110 2643 271 2682 Patrem
291 2640 446 2688 novisti,
469 2640 520 2679 ad
537 2639 609 2678 has
627 2652 690 2677 res
710 2651 830 2690 quam
851 2636 901 2674 sit
916 2636 1127 2688 perspicax
1143 2649 1151 2674 :

112 2709 199 2761 Ego
218 2714 256 2746 te
276 2713 410 2746 autem
429 2705 535 2753 novi,
558 2718 676 2757 quam
697 2717 780 2742 esse
800 2702 925 2742 soleas
944 2702 1164 2754 impotenst
1497 2701 1573 2739 130

113 2778 278 2817 Inversa
296 2775 427 2823 verba,
450 2787 606 2813 eversas
626 2772 797 2812 cervices
817 2776 915 2817 tuas,

115 2844 309 2892 Gemitus,
330 2847 515 2890 screatus,
537 2839 664 2887 tussis,
686 2839 785 2878 risus
803 2836 966 2876 abstine.
1006 2829 1007 2832 ¹
