1670 3080
116 177 181 224 54
713 195 998 228 EUNUCHUS.

117 278 189 318 ΡΑ.
230 279 310 320 Res
330 280 522 320 indicabit
538 295 546 320 :
575 280 676 322 heus
688 281 826 334 jubete
845 282 940 322 istos
957 282 1065 321 foras

115 344 248 393 Exire,
270 359 368 398 quos
381 347 494 399 jussi,
517 361 660 400 ocyus:
690 341 860 401 procede
882 354 925 387 tu
943 348 1036 387 huc.

112 410 176 450 Ex
195 400 398 465 AEthiopia
417 418 476 452 est
493 427 618 466 usque
637 414 738 454 haec.
823 414 930 453 Tun.
972 414 1053 453 Hic
1073 419 1165 453 sunt
1183 406 1264 455 tres
1281 414 1416 455 minae.

112 478 193 518 GN.
233 479 326 519 Vix.
413 480 486 519 ΡΑ.
526 480 605 519 Ubi
625 486 669 520 tu
688 495 740 530 es,
764 481 902 520 Dore?
930 481 1075 531 accede
1094 480 1199 520 huc:
1229 480 1326 522 hem
1345 480 1586 522 Eunuchum

273 546 368 585 tibi:
1440 579 1447 582 .

109 612 243 656 Quam
262 612 414 652 liberali
433 614 547 662 facie,
569 627 689 666 quam
709 619 826 653 aetate
844 614 1027 667 integral
1532 617 1587 655 20

109 678 186 718 ΤΗ.
229 680 293 719 Ita
311 695 376 719 me
398 681 452 719 Di
472 688 619 730 ament,
640 682 831 721 honestus
851 687 922 721 est.
1000 682 1073 721 ΡΑ.
1114 681 1222 726 Quid
1240 687 1284 721 tu
1303 682 1372 732 ais,
1394 681 1589 724 Gnatho?

109 745 318 798 Numquid
335 746 458 786 habes
479 748 586 800 quod
605 749 867 787 contemnas?
896 747 992 800 quid
1012 753 1055 787 tu
1074 753 1222 798 autem,
1243 748 1425 789 Thraso?

115 812 269 852 Tacent
286 828 294 852 ε
325 815 419 854 satis
438 814 626 854 laudant:
655 816 718 854 fac
738 815 932 868 periclum
951 815 993 854 in
1013 815 1149 864 literis,

110 879 189 919 Fac
210 879 251 919 in
271 880 469 933 palaestra,
491 881 533 920 in
552 882 737 921 musicis:
769 896 859 934 quae
878 881 1048 921 liberum

108 947 216 986 Scire
235 948 444 1000 aequom’st
463 949 771 998 adulescentem,
793 949 978 989 solertem
997 949 1101 989 dabo
1532 950 1583 989 25

107 1013 215 1052 Trux.
256 1014 343 1066 Ego
364 1013 477 1053 illum
499 1015 751 1064 Eunuchum,
773 1015 807 1054 si
826 1029 926 1068 opus
945 1015 1029 1064 siet,
1052 1014 1117 1054 vel
1137 1014 1345 1054 sobrius—

108 1080 182 1119 ΡΑ.
222 1081 362 1133 Atque
382 1080 470 1121 haec
490 1082 558 1134 qui
577 1082 695 1131 misit,
716 1096 798 1122 non
818 1082 893 1122 sibi
911 1082 984 1121 soli
1002 1081 1177 1135 postulat

107 1146 165 1185 Te
185 1146 330 1195 vivere,
354 1153 394 1186 et
413 1162 484 1187 sua
503 1162 622 1188 causa
641 1149 800 1188 excludi
819 1154 971 1188 ceteros
987 1163 998 1198 ;

107 1213 251 1266 Neque
270 1228 428 1268 pugnas
445 1221 593 1265 narrat,
614 1230 747 1269 neque
767 1216 970 1255 cicatrices
990 1229 1081 1255 suas

108 1281 319 1331 Ostentat3
351 1296 481 1336 neque
502 1283 573 1322 tibi
593 1284 733 1332 obstat,
757 1284 863 1337 quod
883 1283 1046 1336 quidam
1064 1282 1186 1323 facit:
1527 1283 1581 1322 30
1616 1302 1620 1306 ·

108 1348 262 1388 Verum
281 1349 350 1389 ubi
369 1349 583 1389 molestum
603 1364 686 1390 non
708 1350 793 1399 erit,
815 1350 885 1390 ubi
905 1356 949 1390 tu
968 1349 1091 1398 voles,

107 1413 187 1453 Ubi
207 1420 365 1468 tempus
385 1416 456 1454 tibi
476 1416 561 1465 erit,
582 1422 644 1456 sat
660 1416 792 1465 habet,
814 1422 899 1455 tum
921 1416 953 1455 si
971 1416 1162 1469 recipitur

106 1480 213 1520 Tun.
253 1482 435 1534 Apparet
454 1496 611 1522 servom
630 1483 738 1522 hunc
758 1496 842 1522 esse
862 1482 1015 1522 domini
1033 1482 1220 1535 pauperis

106 1547 336 1600 Miserique.
397 1549 477 1588 GN.
520 1549 629 1588 Nam
646 1548 781 1589 hercle
800 1559 921 1588 n'emo
939 1554 1083 1602 posset,
1105 1555 1169 1589 sat
1187 1548 1281 1597 scio,
1663 1593 1670 1604 ,

105 1615 185 1660 Qui
203 1615 380 1664 haberet,
402 1616 470 1668 qui
489 1622 649 1669 pararet
667 1616 801 1665 alium,
822 1616 931 1655 hunc
950 1616 1117 1669 perpeti.
1527 1618 1578 1656 35
1658 1635 1670 1679 5

106 1681 178 1720 ΡΑ.
219 1682 324 1721 Tace
346 1687 413 1721 tu:
445 1696 566 1734 quem
586 1696 661 1735 ego
679 1682 786 1722 infra
804 1696 888 1721 esse
908 1682 1068 1722 infimos
1088 1694 1227 1721 omnes
1245 1686 1344 1734 puto
1532 1694 1534 1696 ·
1659 1682 1662 1694 ”

105 1748 327 1788 Homines:
358 1762 454 1788 nam
475 1749 543 1802 qui
562 1748 655 1788 huic
676 1749 868 1788 assentari
887 1748 1067 1788 animum
1087 1748 1307 1796 induxeris,

104 1814 139 1853 E
159 1814 323 1854 flamma
341 1825 477 1868 petere
497 1821 536 1854 te
557 1815 690 1855 cibum
710 1829 825 1868 posse
845 1815 1024 1854 arbitror.
1656 1804 1670 1878 ᾖ

103 1881 210 1921 Tun.
250 1882 276 1921 J
279 1896 397 1922 amne
416 1883 550 1921 imus?
633 1882 711 1921 Tu.
752 1882 841 1921 Hos
859 1882 968 1935 prius
987 1882 1252 1931 introducam,
1273 1885 1315 1921 et
1333 1894 1424 1935 quae
1442 1880 1534 1922 volo

105 1947 232 1987 Simul
251 1948 479 2001 imperabo:
508 1954 647 2001 postea
666 1948 854 1987 continuo
875 1962 986 1987 exeo.
1522 1949 1578 1987 40
1651 1935 1670 2003 ὲ

1649 2043 1670 2074 5?

1627 1732 1630 1734 ’
1659 1725 1670 1778 ἓ

101 2016 209 2055 Tun.
250 2017 338 2068 Ego
356 2016 450 2055 hinc
470 2017 592 2055 abeo:
627 2022 671 2055 tu
690 2016 816 2056 istanc
836 2016 1030 2069 opperire.
1117 2017 1189 2056 ΡΑ.
1220 2015 1344 2056 Haud
1362 2016 1550 2056 convenit

105 2082 200 2122 Una
218 2083 275 2122 ire
296 2097 388 2122 cum
407 2082 537 2122 amica
555 2082 835 2135 imperatorem
855 2082 897 2120 in
916 2081 992 2121 via.

106 2150 214 2190 Tim.
250 2150 357 2195 Quid
375 2150 447 2189 tibi
466 2163 540 2202 ego
559 2148 686 2188 multa
705 2149 864 2188 dicam?
891 2148 1043 2187 domini
1063 2147 1200 2187 similis
1220 2161 1274 2187 es.
1646 2163 1655 2196 g

109 2219 189 2258 GN.
229 2218 309 2266 Ha,
340 2217 404 2266 ha,
425 2217 489 2257 hae
507 2218 515 2256 !
601 2216 708 2255 Tun.
748 2215 855 2260 Quid
873 2215 1007 2254 rides?
1091 2216 1172 2255 Gn.
1213 2214 1327 2255 Istud
1345 2213 1452 2268 quod
1474 2214 1575 2255 dixti
1647 2215 1659 2267 ᾗ

267 2284 409 2323 modo:
1640 2293 1641 2296 ¹

104 2351 156 2390 Et
174 2350 273 2390 illud
291 2351 339 2390 de
361 2350 518 2390 Rhodio
538 2350 686 2390 dictum
705 2349 747 2388 in
765 2353 943 2387 mentem
963 2362 1055 2388 cum
1074 2348 1196 2388 venit.
1519 2351 1572 2389 45

101 2417 179 2456 Sed
198 2417 319 2456 Thais
339 2416 433 2455 exit.
518 2416 626 2455 Tun.
666 2414 746 2454 Abi
767 2428 874 2467 prae:
906 2427 1011 2462 cura,
1033 2418 1079 2453 ut
1097 2414 1178 2453 sint
1196 2413 1306 2454 domi

99 2485 256 2524 Parata.
343 2484 424 2523 GN.
465 2483 566 2522 Fiat.
651 2482 730 2521 ΤΗ.
770 2480 1005 2533 Diligenter,
1029 2480 1205 2533 Pythias,

99 2551 179 2590 Fac
199 2564 323 2599 cures,
346 2550 378 2589 si
395 2550 496 2589 forte
515 2549 594 2588 huc
617 2548 806 2587 Chremes
824 2546 1041 2595 advenerit,

98 2618 156 2657 Ut
175 2632 273 2666 oreS,
294 2617 469 2670 primum
487 2622 533 2656 ut
551 2616 710 2655 redeat:
740 2614 774 2653 si
792 2613 834 2652 id
852 2627 934 2652 non
954 2611 1271 2660 commodum’st,

101 2684 159 2723 Ut
176 2688 338 2722 maneat
355 2697 363 2721 z
395 2682 428 2721 si
445 2682 488 2721 id
506 2695 587 2720 non
606 2680 762 2733 poterit,
785 2679 837 2718 ad
854 2692 919 2717 me
940 2677 1137 2717 adducito.
1519 2679 1572 2717 50
1643 2691 1649 2698 ²
1669 2677 1670 2694 ³

105 2751 177 2789 ΡΥ.
219 2751 284 2789 Ita
301 2749 458 2788 faciam.
544 2748 622 2786 Tu.
663 2746 796 2790 Quid?
825 2744 920 2797 quid
939 2743 1048 2783 aliud
1067 2743 1175 2783 volui
1195 2743 1357 2782 dicere?

106 2816 247 2864 Ehem,
270 2821 403 2855 curate
423 2814 539 2853 istam
559 2812 771 2865 diligenter
789 2811 985 2864 virginem
1002 2824 1011 2849 :

106 2883 229 2922 Domi
248 2888 292 2922 ut
310 2883 403 2931 sitis,
425 2881 556 2921 facite.
639 2881 746 2920 Tun.
788 2879 950 2918 Eamus.
1042 2878 1121 2916 ΤΗ.
1160 2877 1243 2916 Vos
1261 2890 1327 2917 me
1345 2876 1577 2933 sequimini.
1639 2916 1646 2924 ‚
