1670 3080
143 90 196 138 ,⁶21
211 93 240 137 4
769 107 1012 139 PHORMIO.

141 194 412 238 Quamobrem
449 194 619 233 retineat
655 208 720 234 me
738 209 747 234 ε
805 196 871 244 ait,
913 210 996 236 esse
1034 195 1205 236 vetitum
1245 195 1349 237 intro
1386 198 1438 238 ad
1473 197 1613 239 heram

303 261 503 301 accedere.

140 328 348 381 Sophrona
362 328 481 368 modo
496 329 658 368 fratrem
674 329 764 378 huc,
781 330 922 383 inquit,
937 330 1040 369 senis
1055 330 1276 370 introduxit
1291 331 1523 372 Chremem:
1559 335 1610 372 25

137 395 321 448 Eumque
342 409 449 434 nunc
471 409 554 434 esse
574 395 682 434 intus
702 410 792 435 cum
812 396 889 435 illis
905 411 912 435 ε
943 396 1018 435 hoc
1038 396 1107 435 ubi
1128 410 1203 449 ego
1222 397 1369 447 audivi,
1391 398 1444 438 ad
1461 398 1567 438 fores

137 463 337 515 Suspenso
355 463 484 515 gradu
502 462 657 515 placide
677 463 734 502 ire
756 464 913 516 perrexi
931 478 938 502 :
971 464 1119 502 accessi
1136 477 1145 502 ι
1176 464 1306 510 astiti:

135 529 329 569 Animam
350 530 563 583 compressi
581 543 589 568 ε
620 544 757 570 aurem
777 531 936 570 admovi
952 546 959 570 :
990 531 1046 570 ita
1066 531 1246 571 animum
1266 531 1371 586 coepi
1389 532 1609 581 attendere,

135 596 227 636 Hoc
260 597 379 636 modo
413 612 640 637 sermonem
674 603 851 651 captans.
938 599 1019 637 AN.
1071 598 1158 638 Eu!
1203 599 1321 638 Geta.
1409 600 1487 639 Gn.
1529 599 1609 639 Hic

298 665 627 718 pulcherrumum

134 733 305 774 Facinus
327 732 460 772 audivi
478 746 486 771 ε
518 733 651 784 itaque
670 746 786 786 paene
806 732 938 772 hercle
960 732 1183 772 exclamavi
1202 733 1362 784 gaudio.
1556 736 1613 772 30-

132 803 214 842 ΑΝ.
237 801 385 846 Quod?
442 801 519 839 Ga.
542 799 755 844 Quodnam
776 800 994 839 arbitrare?
1050 801 1132 840 AN.
1164 800 1323 840 Nescio.
1383 801 1460 840 Gr..
1485 801 1607 853 Atqui

294 867 632 906 mirificissumum
647 881 655 905 :

131 935 301 976 Patruus
321 940 412 974 tuus
433 940 492 974 est
510 940 624 988 pater
641 934 828 974 inventus
849 933 1014 982 Phanio,
1035 933 1151 972 uxori
1171 938 1264 973 tuae.
1351 934 1432 973 Ax.
1476 933 1604 972 Hem!

130 1002 238 1048 Quid
271 1002 357 1041 ais?
442 1002 520 1040 GE.
562 1001 663 1040 Cum
702 1001 787 1054 ejus
824 999 1031 1039 consuevit
1068 999 1163 1039 olim
1203 1005 1331 1039 matre
1368 999 1411 1039 in
1452 999 1606 1039 Lemno

292 1068 532 1108 clanculum.

129 1137 204 1176 Pu.
246 1135 481 1177 Somnium!
512 1136 596 1175 utn'
618 1134 706 1174 haec
726 1133 931 1187 ignoraret
949 1147 1065 1173 suum
1084 1134 1271 1187 patrem?
1328 1134 1406 1173 Gn.
1439 1133 1606 1186 Aliquid

290 1203 452 1251 credito,

128 1270 328 1319 Phormio,
351 1283 435 1309 esse
456 1283 586 1309 causae
605 1283 613 1308 ε
645 1268 716 1308 sed
733 1282 799 1308 me
820 1268 980 1308 censen’
1000 1268 1173 1321 potuisse
1194 1267 1329 1308 omnia
1548 1271 1598 1308 35

128 1335 358 1389 Intelligere
379 1340 492 1374 extra
512 1335 668 1383 ostium,
690 1334 797 1373 intus
818 1347 908 1386 quae
928 1333 1033 1373 inter
1051 1347 1136 1373 sese
1156 1333 1231 1386 ipsi
1251 1334 1436 1387 egerint?

126 1404 208 1443 AN.
231 1404 366 1456 Atque
381 1402 515 1442 hercle
532 1416 605 1455 ego
622 1415 780 1454 quoque
797 1400 908 1440 illam
923 1400 1104 1440 inaudivi
1119 1400 1309 1440 fabulam.
1369 1401 1447 1440 Gn.
1472 1400 1605 1440 Immo

289 1470 411 1509 etiam
432 1470 546 1518 dabo,

126 1539 216 1583 Quo
236 1536 365 1589 magis
384 1536 521 1575 credas
538 1549 546 1574 :
577 1540 741 1588 patruus
761 1534 914 1573 interea
933 1534 1026 1573 inde
1047 1534 1125 1573 huc
1146 1534 1349 1587 egreditur
1366 1535 1471 1576 foras
1490 1543 1498 1574 t

125 1605 250 1644 Haud
269 1603 395 1643 multo
415 1609 503 1657 post
522 1616 614 1642 cum
634 1608 746 1654 patre
765 1602 873 1641 idem
895 1601 1035 1654 recipit
1054 1615 1095 1641 se
1114 1601 1218 1641 intro
1238 1601 1370 1642 denuo
1388 1617 1397 1642 :

125 1673 197 1712 Ait
215 1678 394 1725 uterque,
417 1671 488 1710 tibi
507 1675 744 1723 potestatem
766 1669 850 1721 ejus
869 1669 1044 1709 habendi
1064 1683 1104 1708 se
1126 1669 1220 1708 dare
1236 1683 1246 1708 ε
1547 1673 1600 1710 40

123 1741 309 1794 Denique
343 1754 417 1793 ego
451 1754 539 1778 sum
572 1738 727 1786 missus,
762 1742 801 1776 te
833 1742 879 1776 ut
909 1736 1154 1789 requirerem
1190 1741 1309 1788 atque
1347 1736 1597 1778 adducerem.

361 1835 369 1844 .
411 1806 453 1844 H
479 1820 491 1844 1
538 1805 546 1844 !

123 1873 231 1918 Quin
262 1807 357 1925 erig&
382 1819 477 1925 rapg
491 1819 599 1909 nme:
632 1869 728 1922 quid
756 1869 914 1908 cessas?
999 1869 1076 1908 Gn.
1118 1868 1278 1908 Fecero.
1364 1868 1445 1908 Au.
1486 1869 1522 1908 Ο
1542 1868 1598 1907 mi

287 1939 488 1986 Phormio,

122 2007 236 2048 Vale.
324 2006 399 2045 Pa.
441 2004 554 2053 Vale,
580 2003 775 2056 Antipho.
853 2003 975 2050 Bene,
1005 2002 1061 2042 ita
1079 2016 1144 2042 me
1171 2002 1227 2042 Di
1247 2007 1394 2051 ament,
1416 2002 1593 2041 factum!

283 2072 438 2126 gaudeo
823 2063 829 2067 ¹

119 2144 291 2183 Tantam
310 2141 512 2180 fortunam
533 2138 582 2178 de
601 2135 814 2190 improviso
835 2148 919 2174 esse
939 2134 1003 2182 his,
1020 2134 1166 2174 datam.

119 2212 286 2251 Summa
305 2206 494 2248 eludendi
513 2204 717 2245 occasio’st
736 2203 792 2242 mi
813 2216 919 2241 nunc
940 2214 1065 2249 senes,
1539 2204 1590 2241 45

117 2278 171 2317 Et
191 2275 387 2316 Phaedriae
408 2286 545 2313 curam
565 2271 740 2310 adimere
760 2268 1026 2321 argentariam
1044 2282 1052 2315 ;

118 2345 182 2384 Ne
202 2344 389 2396 cuiquam
408 2353 569 2380 suorum
589 2337 805 2391 aequalium
825 2335 995 2388 supplex
1014 2335 1098 2374 siet.

117 2412 225 2451 Nam
246 2410 352 2449 idem
371 2408 446 2447 hoc
467 2410 689 2459 argentum,
710 2404 766 2443 ita
784 2408 829 2442 ut
847 2402 999 2441 datum’
1003 2407 1048 2449 st,
1070 2402 1250 2473 ingratiis

117 2478 167 2518 Ei
187 2478 324 2517 datum
345 2475 441 2514 erit:
472 2472 548 2512 hoc
567 2470 636 2525 qui
656 2483 809 2522 cogam,
830 2483 872 2507 re
892 2469 979 2521 ipsa
997 2468 1139 2521 reperi.
1408 2515 1413 2519 ἱ

116 2546 238 2586 Nunc
258 2548 392 2597 gestus
411 2541 511 2581 mihi
531 2539 738 2592 voltusque
759 2541 818 2576 est
837 2536 1058 2590 capiundas
1078 2526 1216 2577 noves.
1282 2513 1353 2598 'st-‘u
1535 2537 1587 2574 50

117 2613 196 2653 Sed
213 2611 307 2650 hinc
329 2608 547 2649 concedam
566 2606 608 2646 in
629 2604 883 2658 angiportum
903 2603 979 2642 hoc
998 2614 1239 2656 proxumum
1257 2615 1266 2640 :

115 2679 217 2720 Inde
237 2678 345 2717 hisce
366 2675 573 2715 ostendam
592 2687 669 2724 me,
690 2671 759 2711 ubi
779 2676 896 2710 erunt
915 2669 1062 2723 egressi
1081 2669 1198 2708 foras.

116 2749 205 2793 Quo
224 2760 289 2787 me
310 2743 583 2786 assimularam
603 2742 659 2782 ire
679 2740 732 2781 ad
749 2744 982 2788 mercatum,
1004 2751 1086 2778 non
1106 2750 1164 2776 eo.
