1670 3080
151 143 218 194 22
772 166 987 199 ANDRIA.

153 249 280 301 quue
301 250 398 289 adeo
417 257 599 290 metuens
618 265 687 291 vos
706 252 842 301 celavi,
864 251 970 305 quod
987 264 1094 290 nunc
1114 249 1256 289 dicam.
1344 245 1425 285 DA.
1463 239 1600 288 Quidz

312 316 367 355 S1.
408 317 514 356 Scies
530 331 539 356 :
1594 327 1596 329 ’

151 380 258 420 Nam
275 384 561 435 propemodum
579 384 706 424 habeo
719 387 805 438 jam
823 384 956 423 fidem.
1028 383 1107 422 DA.
1137 379 1317 420 Tandem
1335 361 1515 431 cognosti
1531 371 1600 429 qui

311 449 434 489 siem?
1438 475 1442 478 >
1533 477 1539 483 v

153 513 207 551 S1.
250 513 343 554 Non
363 516 520 555 fuerant
542 517 692 570 nuptiae
710 517 865 556 futurae.
951 517 1030 555 DA.
1069 514 1203 560 Quid?
1233 512 1344 552 non?
1426 511 1483 550 Sx.
1522 490 1601 548 Sed

313 595 360 621 ea
377 583 504 634 gratia

154 645 354 695 Simulavi,
375 661 444 687 vos
463 654 508 687 ut
525 655 802 701 pertentarem.
947 646 1098 692 .Quid
1116 646 1202 685 ais?
1275 645 1332 684 Sx.
1365 643 1429 683 Sic
1446 654 1510 682 res
1528 644 1599 679 est·
1644 691 1646 693 ‚

314 713 393 751 DA.
434 713 547 762 Vide,

154 776 372 829 Nunquam
390 779 489 817 istuc
506 793 578 831 ego
594 780 701 832 quivi
719 779 962 832 intelligere:
982 778 1085 818 vah.
1077 778 1085 805 ⁸
1107 776 1315 817 consilium
1334 773 1532 815 callidum.
1551 774 1601 813 10

154 843 209 882 S1.
250 843 339 883 Hoc
360 845 476 883 audi:
507 852 551 884 ut
569 846 661 884 hinc
681 852 718 884 te
743 846 903 884 introire
921 845 1033 898 jussi,
1059 849 1279 897 opportune
1304 842 1369 882 hic
1388 840 1435 882 fit
1455 839 1512 880 mi
1535 837 1604 879 ob-

314 909 431 948 viam.
490 911 568 949 DA.
609 911 742 950 Hem!
1514 942 1517 946 -

154 973 359 1013 Numnam
388 975 604 1027 periimus?
687 977 743 1015 Sl.
782 976 911 1016 Narro
935 976 1039 1025 huic,
1068 989 1157 1029 quae
1185 980 1229 1016 tu
1257 973 1408 1014 dudum
1437 970 1604 1013 narrasti

313 1040 422 1079 mihi.
1668 1095 1670 1098 Ι

154 1105 233 1143 ΒΑ.
261 1106 460 1149 Quidnam
480 1107 668 1146 audiam?
724 1109 779 1147 S1.
806 1109 980 1148 Gnatam
998 1114 1043 1147 ut
1061 1108 1128 1147 det
1146 1121 1226 1156 oro,
1247 1106 1392 1159 vixque
1410 1104 1453 1145 id
1471 1116 1602 1144 exoro.

315 1173 393 1211 DA.
434 1174 583 1213 Occidi.
669 1176 725 1213 S1.
764 1174 870 1214 Hem
888 1175 897 1213 2

154 1237 261 1281 Quid
285 1238 446 1277 dixisti?
530 1240 607 1278 DA.
648 1241 821 1293 Optume
845 1241 1008 1293 inquam
1032 1239 1207 1279 factum!
1294 1239 1350 1278 S1.
1390 1237 1510 1277 Nunc
1533 1249 1604 1290 per

314 1304 419 1343 hunc
439 1305 548 1344 nulla
570 1306 617 1344 'st
634 1320 755 1345 mora.
1608 1300 1611 1303 7

155 1369 229 1408 Cn.
270 1370 444 1409 Domum
463 1371 581 1411 modo
599 1373 690 1412 ibo:
716 1379 764 1412 ut
781 1379 1003 1426 apparetur,
1025 1373 1154 1413 dicam
1172 1387 1180 1411 :
1211 1378 1331 1425 atque
1357 1371 1435 1411 hue
1458 1384 1606 1410 renun—

315 1438 380 1477 tio.
1554 1440 1602 1478 15

155 1504 209 1543 S1.
249 1503 288 1541 N
291 1517 367 1542 unc
388 1510 425 1543 te
445 1519 524 1553 oro,
546 1506 671 1553 Dave,
693 1506 880 1558 quoniam
900 1506 1003 1545 solus
1022 1506 1078 1545 mi
1097 1505 1260 1545 effecisti
1277 1505 1350 1545 has
1367 1505 1538 1558 nuptias.

155 1569 233 1607 DA.
275 1570 360 1622 Ego
379 1585 472 1610 vero
492 1571 607 1611 solus.
693 1573 749 1611 S1.
789 1573 991 1625 Cor-rigere
1010 1572 1065 1611 mi
1084 1577 1252 1625 gnatum
1269 1585 1386 1624 porro
1405 1571 1566 1611 enitere.

154 1636 231 1674 DA.
274 1637 432 1676 Faciam
455 1637 586 1677 hercle
610 1637 757 1678 sedulo.
842 1639 898 1678 S1.
938 1640 1053 1679 Potes
1075 1652 1194 1687 nunc,
1219 1638 1316 1683 dum
1339 1637 1496 1679 animus
1518 1637 1593 1677 irri-
1652 1631 1653 1634 ¹

313 1710 416 1743 tatus
436 1710 505 1743 est.

223 1772 471 1815 ,Quiescaa
547 1773 602 1810 S1.
641 1773 730 1825 Age
750 1772 880 1844 igitur,
901 1772 969 1812 ubi
987 1786 1094 1812 nune
1114 1777 1172 1812 est
1189 1772 1326 1825 ipsus?
1405 1772 1484 1811 DA.
1524 1771 1600 1811 Mi·
1652 1808 1654 1811 .

312 1852 412 1886 rum,
433 1839 476 1876 ni
495 1839 602 1877 domi
622 1845 691 1878 est.
1650 1828 1653 1830 -

153 1904 209 1942 Sx.
250 1903 322 1942 Ibo
342 1904 392 1942 ad
411 1917 529 1943 eum:
558 1910 676 1955 atque
696 1905 835 1944 eadem
854 1905 951 1953 haec,
984 1919 1072 1958 quae
1096 1905 1167 1948 tibi
1190 1905 1286 1954 dixi,
1311 1905 1442 1946 dicam
1463 1904 1601 1944 itidem
1640 1855 1670 2078 Ξ

1647 2102 1670 2162 ᾗ

1663 1310 1670 1362 2³

1660 1363 1670 1419 ἐ

1657 1417 1670 1462 ⁴³.

311 1969 379 2008 illi.
437 1970 517 2008 DA.
556 1970 699 2008 Nullus
719 1984 818 2009 sum
1549 1973 1602 2011 20
1650 1964 1653 1968 V

152 2035 258 2079 Quid
277 2049 405 2074 causae
425 2041 493 2082 est,
517 2035 611 2086 quin
630 2035 753 2074 hinc
743 2049 784 2074 1n
804 2036 1014 2087 pistrinum
1032 2041 1140 2074 recta
1157 2035 1382 2088 proficiscar
1403 2036 1495 2075 via?

151 2101 262 2140 Nihil
281 2106 340 2139 est
357 2100 463 2152 preci
481 2099 557 2138 loci
574 2100 755 2139 relictum
771 2115 780 2146 ;
805 2101 891 2153 jam
909 2100 1135 2153 perturbavi
1154 2101 1288 2140 omnia
1304 2115 1311 2140 ε

151 2168 305 2206 Herum
324 2166 444 2205 fefelli
461 2179 469 2204 :
499 2166 540 2204 in
559 2166 717 2218 nuptias
735 2166 887 2219 conjeci
904 2166 1070 2205 herilem
1089 2166 1214 2205 filium
1231 2181 1240 2215 ;

151 2235 243 2274 Feci
257 2233 373 2272 hodie
388 2239 432 2271 ut
446 2233 596 2280 fierent,
618 2232 843 2284 insperante
862 2232 948 2280 hoc,
970 2238 1086 2284 atque
1101 2232 1225 2272 invito
1242 2233 1472 2287 Pamphilo:
1506 2235 1596 2275 hem
1635 2227 1662 2282 3:²ss³

150 2301 327 2342 Astutias
343 2301 351 2338 !
383 2299 487 2351 quod
507 2299 539 2337 si
558 2299 764 2350 quiessem,
785 2298 883 2337 nihil
902 2299 1096 2338 evenisset
1114 2299 1221 2339 mali.
1546 2305 1596 2342 25
1636 2286 1655 2351 3³.

150 2368 227 2408 Sed
246 2380 382 2406 eccum
403 2365 517 2405 video
535 2365 665 2418 ipsum
683 2379 691 2404 :
721 2365 857 2405 occidi.
1561 2411 1563 2413 ι
1631 2351 1661 2413 {j

150 2435 313 2474 Utinam
331 2432 430 2472 mihi
450 2437 551 2470 esset
569 2431 717 2483 aliquid
734 2431 811 2480 hie,
833 2445 909 2484 quo
928 2445 1035 2472 nunc
1054 2446 1118 2471 me
1136 2432 1379 2486 praecipitem
1397 2434 1546 2476 darem.
1643 2440 1649 2457 ¹

565 2591 741 2630 ACTUS
772 2592 853 2630 III.
913 2592 1092 2631 SCENA
1123 2592 1173 2631 V.

642 2663 898 2702 PAMPfflLus.
956 2664 1111 2704 DAvus.

152 2749 222 2788 ΡΑ.
255 2746 333 2786 Ubi
351 2746 430 2786 illic
451 2752 510 2785 est
527 2746 664 2796 scelus,
695 2746 762 2799 qui
789 2760 854 2786 me
877 2746 994 2787 hodie
1013 2748 1096 2787 —2
1122 2747 1244 2801 perii:
1274 2753 1391 2802 atque
1408 2748 1484 2791 hoc
1502 2734 1649 2804 con-*hs
1669 2761 1670 2766 ,

306 2814 418 2853 fiteor
429 2813 519 2868 jure
