1670 3080
519 110 677 142 Acrus
713 110 768 141 11.
838 110 1003 142 sanA
1038 111 1115 144 111.
1439 99 1531 147 195

72 194 149 236 Pu.
188 195 296 236 Cedo
313 209 473 235 senem:
496 196 584 248 jam
602 195 795 236 instructa
812 196 911 235 mihi
930 202 1022 236 sunt
1041 197 1157 236 corde
1177 197 1341 238 consilia
1359 200 1504 239 omnia.

70 263 148 303 Gn.
184 262 294 307 Quid
324 263 448 315 ages?
501 287 504 290 -
531 263 607 302 Pu.
647 262 755 307 Quid
784 262 872 302 vis?
917 262 993 302 nisi
1024 262 1083 301 uti
1113 269 1276 303 maneat
1306 263 1505 304 Phanium
1522 280 1530 304 :

229 333 348 381 atque
369 341 420 367 ex
438 328 604 367 crimine
622 327 698 367 hoc

67 391 340 447 Antiphonem
361 393 526 446 eripiam
543 408 552 432 :
581 399 700 445 atque
719 394 762 432 in
781 407 846 433 me
865 407 1025 433 omnem
1044 394 1144 434 iram
1164 395 1341 435 derivem
1361 396 1496 437 senis?

65 459 145 499 Gn.
185 460 222 498 Ο
242 459 303 498 vir
321 459 432 498 fortis
451 456 568 512 atque
588 459 762 498 amicus:
793 473 932 499 verum
951 459 1027 499 hoc
1047 473 1164 512 saepe,
1189 460 1387 510 Phemio,
1480 464 1529 502 10

67 525 228 573 Vereor,
249 538 301 564 ne
320 524 429 564 istaee
449 525 637 564 fortitudo
656 525 697 564 in
718 539 883 565 nervom
902 533 1084 579 erumpat
1102 527 1284 580 denique.
1344 528 1420 568 Pu.
1441 529 1526 568 Ah!

64 591 158 631 Non
177 591 234 631 ita
252 597 311 631 est
327 605 337 630 :
367 592 518 631 factum
540 597 599 631 est
616 593 810 645 periclum
826 608 834 640 ;
862 593 948 646 jam
967 594 1115 646 pedum
1134 594 1269 634 visa'st
1286 595 1364 635 via.

61 656 170 701 Quot
189 671 252 696 me
272 669 407 696 censes
425 657 608 696 homines
620 657 707 710 jam
726 658 1003 698 deverberasse
1023 673 1148 712 usque
1167 660 1218 700 ad
1235 674 1389 710 necem,

62 720 262 775 Hospites,
283 728 368 763 tum
389 723 523 762 cives?
550 737 627 776 quo
646 723 773 776 magis
792 724 896 772 novi,
918 730 1028 764 tanto
1048 726 1202 778 saepius.

60 787 168 827 Cedo
181 788 289 837 dum,
307 802 357 827 en
372 802 551 841 unquam
565 788 620 841 inj
626 789 799 828 uriarum
819 789 962 828 audisti
977 789 1076 829 mihi
1092 791 1279 844 scriptam
1293 791 1423 831 dicam
1438 793 1453 831 ἱ)
1475 797 1522 834 15

60 852 138 892 Ga.
177 854 257 898 Qui
289 854 418 893 istuc?
501 855 576 893 ΡΗ.
618 855 722 898 Quia
750 868 830 894 non
861 861 944 894 rete
977 856 1154 909 accipitri
1186 857 1362 897 tenditur
1393 871 1521 911 neque

221 920 356 968 miluo,

56 984 136 1028 Qui
154 985 258 1024 male
277 985 429 1024 faciunt
447 986 559 1024 nobis
576 1000 584 1024 ε
615 985 704 1034 illis,
726 985 795 1038 qui
813 985 870 1024 nil
888 986 1050 1036 faciunt,
1072 988 1247 1028 tenditur
1263 1003 1273 1027 :

55 1050 160 1094 Quia
178 1051 286 1090 enim
306 1051 348 1090 in
368 1051 446 1090 illis
464 1052 616 1091 fructus
635 1057 706 1099 est,
727 1052 770 1091 in
790 1052 873 1111 istis
893 1067 1013 1106 opera
1031 1053 1190 1094 luditur.

55 1115 157 1156 Aliis
175 1116 334 1156 aliunde
355 1123 414 1157 est
430 1117 636 1170 periclum,
658 1119 764 1158 unde
784 1118 934 1173 aliquid
952 1120 1088 1160 abradi
1106 1127 1257 1174 potest:

55 1182 161 1222 Mihi
179 1184 310 1223 sciunt
327 1184 385 1223 nil
404 1197 500 1223 esse.
559 1185 690 1234 Dices,
713 1175 860 1225 ducent
878 1186 1111 1227 damnatum
1130 1188 1313 1229 domum:
1467 1194 1518 1230 20

52 1248 173 1289 Alere
192 1249 333 1289 nolunt
350 1249 555 1290 hominem
575 1251 761 1290 edacem:
792 1257 832 1307 et
850 1253 1009 1305 sapiunt
1026 1267 1117 1293 mea
1135 1255 1341 1304 sententia,

55 1312 133 1353 Pro
150 1314 347 1354 maleficio
365 1314 399 1354 si
416 1315 654 1355 beneficium
675 1330 876 1356 summum
897 1317 1038 1357 nolunt
1055 1319 1232 1358 reddere.
1293 1309 1295 1314 ‚

53 1380 132 1419 Gn.
171 1380 264 1419 Non
284 1386 376 1433 pote
396 1371 493 1420 satis
508 1382 742 1436 proymerito
761 1383 810 1421 ab
829 1383 897 1422 illo
917 1384 987 1423 tibi
1006 1385 1142 1424 referri
1159 1385 1299 1437 gratia.
1315 1387 1331 1416 ’ἶ
1343 1374 1364 1420 ⁴}
1380 1396 1406 1434 fl
1426 1403 1430 1406 ’
1459 1402 1464 1411 ¹
1488 1402 1492 1410 s
1514 1409 1516 1411 v
1537 1395 1618 1411 ⁵¹···
1637 1405 1640 1410 ¹

52 1445 127 1484 Pu.
170 1445 302 1484 Immo
321 1446 426 1485 enim
447 1460 567 1486 nemo
585 1447 679 1486 satis
698 1461 770 1500 pro
789 1449 930 1488 merito
948 1450 1118 1502 gratiam
1138 1450 1222 1502 regi
1241 1451 1372 1491 refert.
1414 1444 1431 1453 „
1447 1448 1449 1452 ¹

0 1511 150 1578 ⁴R-Ten’
170 1511 419 1564 asymbolum
439 1513 575 1552 venire
593 1510 798 1573 Qunctum
819 1519 936 1566 atque
956 1514 1108 1554 lautum
1129 1529 1149 1554 e
1168 1515 1330 1564 balneis,
1460 1520 1511 1558 25

51 1577 232 1616 Otiosum
252 1578 302 1617 ab
322 1578 455 1617 animo
472 1592 481 1617 :
513 1592 603 1618 cum
622 1578 688 1618 ille
709 1585 747 1618 et
766 1593 860 1618 cura
879 1586 918 1618 et
937 1586 1069 1620 sumtu
1089 1581 1307 1621 absumitur
1323 1596 1331 1620 :

16 1628 23 1638 .
50 1644 159 1684 Dum
180 1644 235 1693 fit,
257 1645 329 1684 tibi
348 1646 453 1698 quod
471 1645 637 1698 placeat,
658 1646 725 1685 ille
745 1647 936 1699 ringitur:
968 1656 1012 1686 tu
1029 1648 1158 1687 rideas
1175 1663 1183 1687 :

50 1709 162 1750 Prior
178 1711 311 1759 bibas;
342 1711 449 1764 prior
468 1711 681 1751 decumbas
699 1726 707 1751 ε
739 1726 855 1752 eoena
873 1712 993 1752 dubia
1011 1714 1251 1766 apponitur?

50 1777 127 1816 Gn.
167 1777 274 1822 Quid
305 1777 405 1817 istuc
434 1778 544 1818 verbi
577 1779 664 1818 est?
747 1779 822 1818 Pu.
863 1779 942 1819 Ubi
975 1786 1019 1819 tu
1047 1781 1213 1831 dubites,
1249 1782 1345 1836 quid
1378 1794 1508 1822 sumas

210 1845 470 1897 potissimum.

47 1910 148 1950 Haec
169 1925 260 1950 cum
279 1911 475 1951 rationem
492 1911 602 1952 ineas
617 1925 737 1965 quam
757 1912 835 1952 sint
854 1913 1001 1962 suavia,
1023 1919 1062 1953 et
1081 1926 1200 1967 quam
1220 1928 1310 1955 cara
1329 1915 1431 1964 sint;
1453 1918 1505 1956 30

46 1978 106 2017 Ea
125 1979 191 2031 qui
211 1979 373 2032 praebet,
395 1993 476 2019 non
496 1985 540 2019 tu
558 1980 664 2019 hunc
684 1979 833 2020 habeas
848 1981 967 2034 plane
987 1987 1225 2034 praesentem
1246 1982 1405 2022 Deum?

46 2045 123 2084 Gn.
164 2046 295 2085 Senex
313 2046 448 2086 adest:
478 2046 569 2086 vide
590 2046 685 2099 quid
703 2060 820 2100 agas:
850 2047 979 2100 prima
998 2048 1165 2088 coitio’st
1184 2049 1374 2089 acerrima
1390 2064 1399 2088 :

45 2110 86 2150 Si
105 2125 192 2151 eam
212 2112 453 2162 sustinueris,
473 2118 564 2166 post
581 2112 650 2152 illa
662 2113 761 2167 jam,
782 2120 827 2154 ut
843 2113 963 2164 lubet,
985 2114 1097 2155 ludas
1116 2115 1219 2155 licet.

458 2309 635 2349 Acfrus
660 2297 724 2350 11.
783 2310 964 2351 scENA
994 2311 1076 2351 111.

422 2411 637 2451 Dmmao.
714 2412 845 2452 Gan.
922 2413 1131 2452 Pnoamo.

44 2509 122 2550 Du.
160 2510 223 2550 En
241 2523 418 2564 unquam
438 2511 622 2564 cuiquam
642 2511 962 2552 contumeliosius

43 2575 219 2617 Audistis
236 2577 383 2617 factam
402 2577 604 2630 injuriam5
620 2591 740 2630 quam
759 2578 846 2618 haec
866 2585 925 2618 est
941 2579 1040 2618 mihi
1055 2580 1070 2618 ’ἶ

44 2641 189 2682 Adeste
208 2655 354 2695 quaeso.
439 2643 518 2682 Gn.
554 2643 687 2682 Iratus
707 2648 776 2682 est.
863 2643 937 2682 Pu.
981 2644 1089 2688 Quin
1108 2650 1152 2684 tu
1171 2644 1244 2685 hoc
1264 2659 1363 2700 age:

43 2707 135 2748 Jam
154 2722 228 2761 ego
245 2708 352 2748 hunc
372 2709 542 2762 agitabo.
602 2709 678 2748 Pro
699 2709 831 2748 Deum
850 2709 1156 2750 immortalium!

43 2770 186 2828 Negat,
208 2774 405 2816 Phanium
422 2789 504 2815 esse
525 2775 628 2815 hanc
649 2775 722 2814 sibi
742 2781 962 2828 cognatam,
985 2776 1214 2829 Demipho?
1471 2783 1495 2818 5

757 2853 783 2878 x
802 2842 827 2878 2
