1670 3080
170 129 234 175 44
736 145 1031 177 EUNUCHUS.

169 233 228 282 Id,
251 235 404 282 amabo,
426 234 562 288 adjuta
580 248 657 283 me,
681 249 757 288 quo
777 235 819 273 id
839 234 909 273 fiat
927 233 1092 273 facilius.
1578 235 1629 276 70

167 302 260 341 Sine
278 301 390 342 illum
410 303 559 355 priores
578 309 709 356 partes
728 302 846 342 hosce
867 302 1017 355 aliquot
1031 303 1114 341 dies

164 369 287 422 Apud
306 383 370 408 me
390 369 561 409 habere:
590 369 648 409 nil
667 370 907 423 respondes?
991 370 1066 408 ΡΗ.
1107 369 1308 417 Pessuma,

163 437 292 490 Egon‘
313 438 525 490 quicquam
546 451 637 478 cum
656 438 741 477 istis
759 437 873 476 factis
893 437 964 476 tibi
983 436 1269 489 respondeam?

163 504 234 543 ΡΑ.
277 505 339 544 Eu
358 505 509 545 noster!
539 505 658 545 laudo
675 519 683 544 :
715 505 877 544 tandem
897 503 1116 557 perdoluit:
1148 504 1209 543 vir
1229 518 1282 544 es.

162 571 238 610 ΡΗ.
279 573 337 611 At
356 585 431 625 ego
449 572 664 622 nescibam,
687 586 875 625 quorsum
898 577 942 611 tu
961 572 1063 610 ires:
1093 571 1256 624 parvola
1573 574 1624 616 75

162 637 270 677 Hinc
292 646 351 678 est
369 640 534 693 abrepta
550 654 558 678 :
590 639 729 679 eduxit
747 644 875 678 mater
893 652 965 691 pro
986 651 1057 677 sua
1073 652 1082 676 ε

159 705 277 744 Soror
295 705 451 745 dicta’st
467 721 476 744 ;
507 705 623 758 cupio
643 705 851 752 abducere,
871 710 917 743 ut
936 693 1100 743 reddam
1120 704 1222 743 suis:

159 771 316 825 Nempe
336 772 471 811 omnia
489 772 575 811 haec
596 785 703 810 nunc
724 771 844 810 verba
862 770 941 809 huc
961 770 1130 809 redeunt
1149 769 1333 824 denique,
1365 798 1368 806 ,

158 838 245 891 Ego
266 839 455 878 excludor
471 854 479 878 :
510 838 576 878 ille
595 838 785 891 recipitur
803 852 811 876 :
843 851 923 890 qua
941 837 1099 890 gratia?

155 905 243 945 Nisi
258 906 289 946 si
309 906 421 946 illum
440 906 529 959 plus
548 919 658 945 amas
678 919 799 958 quam
819 919 895 954 me,
918 911 958 944 et
975 905 1092 944 istam
1112 918 1220 944 nunc
1239 904 1368 953 times,
1565 909 1620 944 80

155 974 256 1017 Quae
277 974 502 1023 advecta'st‚
524 987 576 1013 ne
595 972 708 1012 illum
729 972 850 1012 talem
869 972 1072 1025 praeripiat
1091 971 1175 1010 tibi.

153 1040 231 1079 ΤΗ.
272 1040 359 1093 Ego
378 1040 420 1079 id
440 1040 589 1079 timeo?
674 1040 749 1079 ΡΗ.
790 1039 898 1083 Quid
916 1045 954 1078 te
975 1052 1069 1091 ergo
1089 1038 1197 1078 aliud
1215 1038 1413 1078 solicitat?
1441 1039 1550 1079 cedo.

154 1108 264 1146 Num
284 1108 388 1147 solus
407 1107 473 1147 ille
494 1108 599 1147 dona
618 1107 712 1147 dat?
739 1106 918 1146 nuncubi
936 1120 1069 1146 meam

153 1174 449 1227 Benignitatem
469 1174 625 1214 sensisti
644 1174 686 1214 in
706 1179 745 1214 te
766 1173 969 1214 claudier?

151 1240 308 1290 Nonne,
330 1242 398 1280 ubi
417 1241 473 1280 mi
493 1241 604 1290 dixti,
627 1254 771 1295 cupere
793 1246 831 1280 te
851 1253 902 1279 ex
922 1239 1128 1293 AEthiopia
1567 1242 1616 1279 85

152 1307 407 1356 Ancillulam,
424 1307 572 1348 relictis
591 1308 709 1347 rebus
728 1306 913 1347 omnibus

149 1375 355 1419 Quaesivi?
382 1389 499 1429 porro
520 1375 761 1415 Eunuchum
781 1374 881 1414 dixti
901 1373 1002 1413 velle
1023 1379 1075 1422 te,

148 1443 253 1488 Quia
272 1443 365 1483 solae
384 1448 550 1483 utuntur
567 1442 629 1482 his
647 1441 797 1496 reginae
813 1456 821 1480 :
851 1442 1018 1495 repperi.

147 1510 249 1550 Heri
268 1511 397 1551 minas
415 1525 488 1565 pro
507 1511 701 1551 ambobus
717 1511 858 1564 viginti
877 1510 981 1550 dedi.

146 1579 298 1618 Tamen
319 1585 542 1619 contemtus
561 1579 631 1619 abs
650 1585 689 1618 te
708 1578 796 1618 haec
815 1578 937 1618 habui
955 1578 997 1617 in
1017 1578 1209 1618 memoria
1225 1594 1233 1618 ι
1563 1582 1615 1618 90
1664 1625 1670 1632 Ι

146 1646 209 1685 Ob
229 1646 316 1686 haec
335 1646 442 1686 facta
461 1647 530 1686 abs
550 1652 588 1685 te
610 1660 785 1700 spernor.
870 1646 948 1685 ΤΗ.
979 1645 1087 1691 Quid
1101 1646 1188 1685 istic
1210 1645 1424 1686 Phaedria?
1667 1636 1670 1638 ’

145 1713 385 1765 Quanquam
405 1711 515 1752 illam
536 1712 651 1765 cupio
671 1711 879 1760 abducere,
902 1717 1020 1764 atque
1040 1711 1116 1751 hac
1135 1725 1178 1751 re
1198 1711 1367 1751 arbitror

146 1780 194 1818 Id
213 1780 299 1819 fieri
317 1794 431 1833 posse
450 1794 639 1820 maxume
657 1795 666 1819 ε
697 1785 986 1828 verumtamen,

145 1845 279 1884 Potius
299 1859 418 1898 quam
440 1851 477 1884 te
497 1845 705 1885 inimicum
725 1845 908 1895 habeam,
930 1846 1076 1885 faciam
1094 1852 1140 1885 ut
1152 1845 1327 1898 Jusseris.

145 1912 220 1951 ΡΗ.
260 1913 425 1951 Utinam
444 1913 545 1952 istuc
567 1913 731 1952 verbum
751 1926 802 1951 ex
821 1913 956 1952 animo
976 1927 1022 1952 ac
1044 1927 1135 1953 vere
1155 1913 1307 1952 diceres
1323 1927 1333 1952 ε
1557 1915 1608 1953 95

143 1978 279 2017 Potius
300 1991 420 2030 quam
441 1983 479 2016 te
498 1977 707 2017 inimicum
727 1977 920 2017 habeam:
951 1978 983 2017 si
1002 1979 1103 2018 istuc
1124 1978 1327 2018 crederem

144 2045 304 2084 Sincere
326 2045 416 2093 dici,
439 2045 595 2098 quidvis
613 2059 770 2098 possem
790 2046 956 2098 perpeti.

143 2111 216 2151 ΡΑ.
251 2111 447 2160 Labascit,
469 2111 596 2150 victus
615 2125 696 2151 uno
715 2112 849 2160 verbo,
871 2126 991 2165 quam
1013 2113 1117 2152 cito!

142 2179 220 2218 ΤΗ.
261 2177 348 2231 Ego
367 2191 450 2217 non
470 2191 521 2218 ex
540 2177 674 2217 animo
693 2177 838 2217 misera
857 2178 972 2218 dico?
1001 2192 1121 2230 quam
1134 2178 1227 2231 joco

141 2246 245 2286 Rem
265 2245 423 2285 voluisti
442 2259 467 2284 a
484 2258 550 2284 me
569 2244 745 2293 tandem,
769 2244 864 2298 quin
885 2245 1128 2298 perfeceris?
1530 2249 1606 2286 100

141 2313 227 2366 Ego
246 2313 459 2366 impetrare
478 2325 634 2364 nequeo
653 2311 730 2351 hoc
750 2311 820 2351 abs
839 2317 890 2361 te,
912 2313 1080 2352 biduum

141 2380 290 2420 Saltem
308 2386 355 2419 ut
373 2380 567 2419 concedas
586 2379 725 2418 solum.
812 2379 887 2418 ΡΗ.
929 2380 1133 2433 Siquidem
1152 2380 1331 2420 biduum.

147 2448 293 2487 Verum
312 2460 364 2486 ne
384 2446 484 2486 fiant
502 2445 567 2485 isti
587 2445 729 2498 viginti
749 2445 843 2485 dies.

138 2515 216 2554 ΤΗ.
257 2514 438 2553 Profecto
456 2526 536 2553 non
556 2512 645 2566 plus
663 2512 841 2560 biduum,
864 2519 995 2552 aut—
1025 2514 1099 2554 ΡΗ.
1132 2516 1243 2554 Aut?
1271 2515 1328 2554 nil
1348 2528 1490 2555 moror.

137 2582 216 2621 ΤΗ.
257 2582 350 2620 Νοῃ
370 2580 463 2620 fiet:
492 2579 568 2619 hoc
587 2579 706 2619 modo
726 2579 809 2618 sine
830 2585 869 2619 te
889 2593 1062 2619 exorem.
1150 2581 1225 2620 ΡΗ.
1267 2581 1426 2620 Scilicet
1522 2584 1598 2620 105

138 2648 437 2689 Faciundum'st
455 2647 561 2701 quod
580 2647 651 2686 vis.
736 2647 814 2686 ΤΗ.
855 2647 1002 2686 Merito
1021 2653 1059 2686 te
1080 2661 1182 2696 amo,
1204 2648 1307 2687 bene
1328 2647 1433 2687 facis.

138 2716 213 2755 ΡΗ.
253 2715 337 2754 Rus
356 2715 421 2754 ibo
438 2729 446 2753 :
476 2714 532 2753 ibi
550 2713 626 2753 hoc
645 2727 710 2752 me
730 2713 940 2752 macerabo
958 2713 1124 2753 biduum
1142 2729 1150 2753 :

139 2783 202 2822 Ita
220 2783 350 2823 facere
371 2781 573 2822 certum’st
589 2794 597 2819 ε
628 2794 714 2819 mos
733 2780 988 2833 gerundus’st
1006 2780 1162 2821 Thaidi.

137 2850 210 2900 Tu,
234 2850 442 2898 Parmeno,
462 2848 542 2889 huc
561 2847 624 2887 fac
642 2846 700 2887 illi
721 2847 979 2889 adducantur.
1067 2847 1141 2889 ΡΑ.
1182 2847 1388 2899 Maxmne.
