1670 3080
543 125 702 158 Ac'rns
738 125 807 157 1v.
877 125 1042 157 SCENA
1076 124 1124 158 v.
1483 110 1578 158 103

114 213 219 255 Jube
256 219 428 254 maneat.
522 214 596 253 ΒΑ.
646 214 679 253 Ι.
784 214 851 253 SY.
892 213 999 258 Quin
1038 218 1098 252 est
1133 217 1318 266 paratum
1354 218 1576 266 argentum.

274 281 350 321 ΒΑ.
390 280 497 325 Quin
519 295 592 333 ego
605 280 671 320 hie
690 294 846 320 mane0.
1527 284 1576 320 15

110 347 180 387 ΒΥ.
210 347 336 401 Atqui
348 347 434 399 jam
454 347 622 386 dabitur.
679 348 754 386 ΒΑ.
785 347 842 386 Ut
858 346 969 386 lubet
984 359 1004 392 ε,
1023 358 1122 386 num
1142 359 1217 399 ego
1235 345 1370 386 insto?
1425 346 1492 386 SY.
1522 347 1580 386 At

273 413 371 453 scin’
391 413 497 466 quid,
520 414 661 453 sodes?

111 479 187 520 ΒΑ.
222 479 359 524 Quid?
429 480 495 519 ΞΥ.
526 479 830 519 Transeundum
849 494 957 520 nunc
977 480 1048 520 tibi
1068 480 1120 520 ad
1140 479 1427 520 Menedemum
1448 488 1519 528 est,
1540 484 1581 519 et

273 552 342 586 tua
359 561 506 600 pompa

113 611 173 653 Eo
191 613 434 654 traducenda
453 619 524 653 est.
582 614 656 653 BA,
696 614 827 658 Quam
845 627 931 654 rem
951 614 1049 667 agis,
1071 613 1230 654 scelus?
1313 614 1380 653 SY.
1421 612 1581 667 Egon'?

273 685 483 733 argentum
502 679 615 728 eudo,

111 743 230 790 Quod
248 745 321 784 tibi
340 745 444 784 dem.
502 746 576 784 BA.
598 745 776 797 Dignam
795 758 860 784 me
878 750 1007 798 putas,
1029 758 1149 799 quam
1169 743 1340 784 illudas?
1396 744 1463 784 ΒΥ,
1485 742 1580 783 Non

274 816 334 850 est
353 816 512 850 temere.

111 876 187 916 BA.
226 876 411 916 Etiamne
431 882 563 915 tecum
581 875 646 916 hic
665 889 728 915 res
747 876 847 916 mihi
866 877 954 916 est?
1008 876 1106 930 {Sin
1146 876 1317 916 Minime
1335 890 1344 915 :
1374 880 1488 915 tuum
1508 875 1581 915 tibi

272 942 406 981 reddo.
1525 943 1579 979 20

111 1008 187 1048 BA.
226 1008 363 1048 Eatur.
449 1008 515 1047 ΒΥ.
557 1008 728 1061 Sequere
748 1007 849 1048 hac:
879 1007 990 1057 heus,
1013 1009 1178 1050 Dromo.
1264 1009 1345 1048 Da.
1385 1008 1485 1053 Quis
1513 1021 1580 1047 me

271 1073 383 1113 volt?
439 1075 506 1113 SY.
548 1074 680 1127 Syrus.
766 1075 847 1114 Da.
870 1074 996 1119 Quid
1015 1081 1075 1114 est
1093 1075 1181 1114 rei?

113 1141 180 1181 ΞΥ.
220 1140 399 1180 Ancillas
419 1154 556 1180 omnes
575 1141 785 1180 Bacchidis
804 1141 966 1180 traduce
985 1141 1064 1180 huc
1084 1129 1138 1181 ad
1155 1154 1223 1181 vos
1242 1154 1422 1194 propere.

113 1208 194 1247 Dn.
233 1208 532 1254 Quamobrem?
613 1209 682 1248 SY.
723 1208 786 1247 Ne
817 1222 997 1262 quaeras:
1028 1208 1206 1257 efferant,
1229 1222 1318 1263 quae
1342 1222 1478 1248 secum
1503 1207 1581 1248 huc

275 1274 502 1315 attulerunt.

115 1341 298 1395 Sperabit
315 1347 489 1381 sumtum
509 1342 582 1382 sibi
602 1356 725 1382 senex
741 1342 918 1382 levatum
937 1356 1022 1383 esse
1041 1342 1194 1382 hamne
1214 1343 1324 1383 abitu
1340 1357 1349 1382 ε

117 1409 194 1451 Nae
231 1408 298 1448 ille
330 1408 437 1448 haud
476 1409 559 1458 scit,
590 1409 665 1449 hoc
698 1409 862 1463 paulum
898 1409 999 1450 lucri
1031 1415 1228 1463 quantum
1265 1410 1302 1449 ei
1339 1409 1487 1452 damni·
1514 1423 1584 1465 ap-

274 1480 418 1529 portet.
1527 1480 1579 1518 25

114 1542 178 1583 Tu
195 1542 335 1592 nescis,
356 1543 398 1583 id
417 1543 523 1596 quod
541 1543 627 1593 scis,
650 1542 813 1592 Dromo,
835 1543 869 1582 si
887 1543 1027 1596 sapies.
1104 1543 1185 1582 Da.
1225 1543 1387 1584 Mutum
1406 1543 1526 1584 dices.

567 1742 735 1782 ACTUS
767 1742 842 1782 IV.
900 1742 1082 1783 SCENA
1112 1743 1163 1783 V.

626 1843 852 1884 CHREMES.
912 1846 1059 1885 Simus.

114 1945 191 1985 Cn.
222 1944 286 1985 Ita
303 1958 369 1984 me
388 1944 443 1984 Di
462 1943 663 1993 amabunt,
684 1949 731 1983 ut
746 1957 854 1983 nunc
875 1943 1107 1986 Menedemi
1125 1945 1254 1987 vicem

115 2012 282 2052 Miseret
299 2026 376 2062 me,
397 2017 553 2052 tantum
572 2011 776 2054 devenisse
795 2011 847 2051 ad
866 2025 958 2051 eum
977 2011 1086 2054 mali.

113 2079 330 2120 Illanccine
349 2079 558 2119 mulierem
578 2078 683 2119 alere
703 2092 795 2118 cum
813 2078 882 2119 illa
899 2079 1080 2118 familia?

113 2145 199 2186 Etsi
217 2146 308 2195 scio,
327 2146 446 2186 hosce
466 2145 617 2199 aliquot
634 2146 718 2185 dies
736 2159 818 2185 non
837 2145 1005 2186 sentiet:

115 2211 182 2252 Ita
197 2225 346 2266 magno
365 2212 559 2252 desiderio
577 2212 654 2251 fuit
672 2211 709 2251 ei
727 2211 843 2251 filius.
1552 2219 1578 2256 5

113 2279 266 2320 Verum
284 2281 353 2320 ubi
371 2281 531 2329 videbit,
552 2285 683 2319 tantos
702 2279 776 2319 sibi
794 2284 947 2319 sumtus
966 2279 1075 2320 domi

114 2347 354 2392 Quotidiano
372 2346 469 2395 fieri,
490 2360 566 2386 nec
585 2346 672 2385 fieri
690 2346 867 2394 modum,

113 2414 288 2468 Optabit,
309 2427 465 2453 rursum
483 2418 530 2452 ut
546 2413 663 2452 abeat
680 2413 730 2452 ab
750 2426 791 2452 se
810 2412 926 2452 filius.

113 2482 258 2535 Syrum
285 2486 447 2534 optume
470 2493 620 2519 eccum.
706 2479 774 2519 SY.
815 2479 934 2519 Cesso
957 2478 1066 2519 hunc
1095 2479 1272 2520 adoriri?
1354 2481 1428 2521 Cn.
1470 2481 1580 2534 Syre.

275 2547 342 2586 ΒΥ.
382 2546 517 2585 Hem!

114 2613 190 2653 Cn.
228 2613 336 2658 Quid
354 2613 442 2652 est?
498 2612 566 2651 Sr.
586 2611 644 2651 Te
663 2611 721 2650 mi
739 2611 871 2664 ipsum
885 2611 1127 2664 jamdudum
1146 2613 1333 2667 optabam
1353 2612 1451 2653 dari.
1531 2617 1580 2652 10

113 2679 188 2719 Cn.
221 2679 369 2719 Videre
389 2679 514 2732 egisse
528 2678 615 2731 jam
634 2679 768 2718 nescio
788 2679 884 2732 quid
903 2686 999 2718 cum'
1012 2693 1122 2718 sene.

112 2744 180 2785 Sr.
219 2745 282 2786 De
300 2745 380 2795 illo,
401 2746 508 2799 quod
526 2745 707 2786 dudum?
735 2745 884 2786 dictum
904 2759 950 2785 ac
969 2746 1120 2785 factum
1138 2745 1305 2786 reddidi.

114 2811 190 2852 Cn.
229 2813 382 2853 Bonan’
402 2813 510 2853 fide?
565 2857 570 2866 ι
593 2813 661 2853 SY.
701 2813 825 2853 Bona.
918 2813 993 2852 Cn.
1015 2863 1022 2866 ..
1033 2813 1182 2853 Hercle
1201 2826 1282 2852 non
1302 2825 1462 2866 possum
1482 2813 1577 2866 pati,
