<?xml version="1.0" encoding="UTF-8"?>
<!DOCTYPE html PUBLIC "-//W3C//DTD XHTML 1.0 Transitional//EN"
    "http://www.w3.org/TR/xhtml1/DTD/xhtml1-transitional.dtd">
<html xmlns="http://www.w3.org/1999/xhtml" xml:lang="en" lang="en">
 <head>
  <title>
</title>
<meta http-equiv="Content-Type" content="text/html;charset=utf-8" />
  <meta name='ocr-system' content='tesseract 3.04.00' />
  <meta name='ocr-capabilities' content='ocr_page ocr_carea ocr_par ocr_line ocrx_word'/>
</head>
<body>
  <div class='ocr_page' id='page_1' title='image "./comoediaesext00tereuoft_0246.png"; bbox 0 0 1670 3080; ppageno 0'>
   <div class='ocr_carea' id='block_1_1' title="bbox 103 93 948 140">
    <p class='ocr_par' dir='ltr' id='par_1_1' title="bbox 103 93 948 140">
     <span class='ocr_line' id='line_1_1' title="bbox 103 93 948 140; baseline 0 -1"><span class='ocrx_word' id='word_1_1' title='bbox 103 93 202 140; x_wconf 72' lang='lat'><strong>208</strong></span> <span class='ocrx_word' id='word_1_2' title='bbox 703 106 948 139; x_wconf 63' lang='lat' dir='ltr'><strong>mmmmm</strong></span> 
     </span>
    </p>
   </div>
   <div class='ocr_carea' id='block_1_2' title="bbox 100 193 1572 381">
    <p class='ocr_par' dir='ltr' id='par_1_2' title="bbox 100 193 1572 381">
     <span class='ocr_line' id='line_1_2' title="bbox 100 193 1572 247; baseline 0.001 -12"><span class='ocrx_word' id='word_1_3' title='bbox 100 196 186 235; x_wconf 86' lang='lat' dir='ltr'><strong>Nos</strong></span> <span class='ocrx_word' id='word_1_4' title='bbox 205 201 339 235; x_wconf 85' lang='lat' dir='ltr'><strong>nostro</strong></span> <span class='ocrx_word' id='word_1_5' title='bbox 359 195 489 234; x_wconf 87' lang='lat' dir='ltr'><strong>officio</strong></span> <span class='ocrx_word' id='word_1_6' title='bbox 507 193 565 234; x_wconf 88' lang='lat' dir='ltr'><strong>nil</strong></span> <span class='ocrx_word' id='word_1_7' title='bbox 584 194 788 247; x_wconf 82' lang='lat' dir='ltr'>degressos</span> <span class='ocrx_word' id='word_1_8' title='bbox 805 209 814 233; x_wconf 89' lang='lat'>:</span> <span class='ocrx_word' id='word_1_9' title='bbox 845 199 1039 247; x_wconf 84' lang='lat' dir='ltr'><strong>quantum</strong></span> <span class='ocrx_word' id='word_1_10' title='bbox 1058 194 1092 234; x_wconf 86' lang='lat' dir='ltr'><strong>is</strong></span> <span class='ocrx_word' id='word_1_11' title='bbox 1109 194 1279 236; x_wconf 85' lang='lat' dir='ltr'><strong>voluerit</strong></span> <span class='ocrx_word' id='word_1_12' title='bbox 1297 196 1396 246; x_wconf 81' lang='lat' dir='ltr'><strong>dari,</strong></span> <span class='ocrx_word' id='word_1_13' title='bbox 1520 198 1572 236; x_wconf 87' lang='lat'><strong>10</strong></span> 
     </span>
     <span class='ocr_line' id='line_1_3' title="bbox 100 260 1568 316; baseline 0.001 -14"><span class='ocrx_word' id='word_1_14' title='bbox 100 262 253 302; x_wconf 84' lang='lat' dir='ltr'><strong>Datum</strong></span> <span class='ocrx_word' id='word_1_15' title='bbox 273 276 357 301; x_wconf 90' lang='lat' dir='ltr'><strong>esse</strong></span> <span class='ocrx_word' id='word_1_16' title='bbox 378 262 491 301; x_wconf 87' lang='lat' dir='ltr'>dotis.</span> <span class='ocrx_word' id='word_1_17' title='bbox 555 262 633 300; x_wconf 70' lang='lat' dir='ltr'><strong>De.</strong></span> <span class='ocrx_word' id='word_1_18' title='bbox 656 260 763 305; x_wconf 85' lang='lat' dir='ltr'><strong>Quid</strong></span> <span class='ocrx_word' id='word_1_19' title='bbox 782 266 861 309; x_wconf 85' lang='lat' dir='ltr'><strong>tua,</strong></span> <span class='ocrx_word' id='word_1_20' title='bbox 878 260 1042 309; x_wconf 84' lang='lat' dir='ltr'><strong>malum,</strong></span> <span class='ocrx_word' id='word_1_21' title='bbox 1059 260 1102 300; x_wconf 93' lang='lat' dir='ltr'><strong>id</strong></span> <span class='ocrx_word' id='word_1_22' title='bbox 1114 261 1265 302; x_wconf 76' lang='lat' dir='ltr'><strong>refert?</strong></span> <span class='ocrx_word' id='word_1_23' title='bbox 1313 263 1388 302; x_wconf 72' lang='lat' dir='ltr'><strong>Cu.</strong></span> <span class='ocrx_word' id='word_1_24' title='bbox 1411 262 1568 316; x_wconf 82' lang='lat' dir='ltr'>Magni,</span> 
     </span>
     <span class='ocr_line' id='line_1_4' title="bbox 263 328 477 381; baseline 0 -13"><span class='ocrx_word' id='word_1_25' title='bbox 263 328 477 381; x_wconf 88' lang='lat' dir='ltr'>Demipho.</span> 
     </span>
    </p>
   </div>
   <div class='ocr_carea' id='block_1_3' title="bbox 100 393 1571 584">
    <p class='ocr_par' dir='ltr' id='par_1_3' title="bbox 100 393 1571 584">
     <span class='ocr_line' id='line_1_5' title="bbox 100 393 1530 449; baseline 0.001 -14"><span class='ocrx_word' id='word_1_26' title='bbox 100 395 194 435; x_wconf 89' lang='lat' dir='ltr'><strong>Non</strong></span> <span class='ocrx_word' id='word_1_27' title='bbox 216 395 310 435; x_wconf 86' lang='lat' dir='ltr'>satis</span> <span class='ocrx_word' id='word_1_28' title='bbox 330 401 399 444; x_wconf 84' lang='lat' dir='ltr'><strong>est,</strong></span> <span class='ocrx_word' id='word_1_29' title='bbox 422 401 534 434; x_wconf 83' lang='lat' dir='ltr'><strong>tuum</strong></span> <span class='ocrx_word' id='word_1_30' title='bbox 553 405 592 433; x_wconf 93' lang='lat' dir='ltr'><strong>te</strong></span> <span class='ocrx_word' id='word_1_31' title='bbox 612 394 788 434; x_wconf 87' lang='lat' dir='ltr'><strong>officium</strong></span> <span class='ocrx_word' id='word_1_32' title='bbox 807 395 950 443; x_wconf 89' lang='lat' dir='ltr'><strong>facere,</strong></span> <span class='ocrx_word' id='word_1_33' title='bbox 971 393 1079 434; x_wconf 86' lang='lat' dir='ltr'>fama</span> <span class='ocrx_word' id='word_1_34' title='bbox 1098 394 1131 434; x_wconf 87' lang='lat' dir='ltr'><strong>si</strong></span> <span class='ocrx_word' id='word_1_35' title='bbox 1149 394 1191 434; x_wconf 92' lang='lat' dir='ltr'><strong>id</strong></span> <span class='ocrx_word' id='word_1_36' title='bbox 1210 408 1291 435; x_wconf 87' lang='lat' dir='ltr'><strong>non</strong></span> <span class='ocrx_word' id='word_1_37' title='bbox 1309 397 1504 449; x_wconf 62' lang='lat' dir='ltr'><strong>approbat</strong></span> <span class='ocrx_word' id='word_1_38' title='bbox 1521 411 1530 436; x_wconf 72' lang='grc' dir='ltr'><em>ε</em></span> 
     </span>
     <span class='ocr_line' id='line_1_6' title="bbox 101 462 1513 516; baseline 0.002 -15"><span class='ocrx_word' id='word_1_39' title='bbox 101 462 204 502; x_wconf 91' lang='lat' dir='ltr'><strong>Volo</strong></span> <span class='ocrx_word' id='word_1_40' title='bbox 225 463 347 516; x_wconf 85' lang='lat' dir='ltr'><strong>ipsius</strong></span> <span class='ocrx_word' id='word_1_41' title='bbox 367 476 522 516; x_wconf 93' lang='lat' dir='ltr'><strong>quoque</strong></span> <span class='ocrx_word' id='word_1_42' title='bbox 542 462 744 502; x_wconf 84' lang='lat' dir='ltr'><strong>voluntate</strong></span> <span class='ocrx_word' id='word_1_43' title='bbox 764 462 852 501; x_wconf 89' lang='lat' dir='ltr'><strong>haec</strong></span> <span class='ocrx_word' id='word_1_44' title='bbox 873 462 969 510; x_wconf 89' lang='lat' dir='ltr'><strong>fieri,</strong></span> <span class='ocrx_word' id='word_1_45' title='bbox 991 476 1041 501; x_wconf 92' lang='lat' dir='ltr'><strong>ne</strong></span> <span class='ocrx_word' id='word_1_46' title='bbox 1062 476 1103 502; x_wconf 90' lang='lat' dir='ltr'><strong>se</strong></span> <span class='ocrx_word' id='word_1_47' title='bbox 1124 462 1292 515; x_wconf 86' lang='lat' dir='ltr'><strong>ejectam</strong></span> <span class='ocrx_word' id='word_1_48' title='bbox 1310 463 1513 516; x_wconf 63' lang='lat' dir='ltr'><strong>praedicet⁴</strong></span> 
     </span>
     <span class='ocr_line' id='line_1_7' title="bbox 101 529 1571 584; baseline 0.002 -16"><span class='ocrx_word' id='word_1_49' title='bbox 101 530 180 570; x_wconf 66' lang='lat' dir='ltr'><strong>DE.</strong></span> <span class='ocrx_word' id='word_1_50' title='bbox 222 530 338 568; x_wconf 89' lang='lat' dir='ltr'>Idem</span> <span class='ocrx_word' id='word_1_51' title='bbox 359 543 432 582; x_wconf 87' lang='lat' dir='ltr'><strong>ego</strong></span> <span class='ocrx_word' id='word_1_52' title='bbox 452 530 551 568; x_wconf 89' lang='lat' dir='ltr'><strong>istuc</strong></span> <span class='ocrx_word' id='word_1_53' title='bbox 571 530 701 568; x_wconf 84' lang='lat' dir='ltr'><strong>faeere</strong></span> <span class='ocrx_word' id='word_1_54' title='bbox 721 543 894 581; x_wconf 88' lang='lat' dir='ltr'><strong>possum.</strong></span> <span class='ocrx_word' id='word_1_55' title='bbox 981 530 1056 568; x_wconf 74' lang='lat' dir='ltr'><strong>Cn.</strong></span> <span class='ocrx_word' id='word_1_56' title='bbox 1097 529 1247 570; x_wconf 87' lang='lat' dir='ltr'>Mulier</span> <span class='ocrx_word' id='word_1_57' title='bbox 1265 530 1423 571; x_wconf 86' lang='lat' dir='ltr'><strong>mulieri</strong></span> <span class='ocrx_word' id='word_1_58' title='bbox 1441 531 1571 584; x_wconf 86' lang='lat' dir='ltr'>magis</span> 
     </span>
    </p>
   </div>
   <div class='ocr_carea' id='block_1_4' title="bbox 103 601 1570 783">
    <p class='ocr_par' dir='ltr' id='par_1_4' title="bbox 103 601 1570 783">
     <span class='ocr_line' id='line_1_8' title="bbox 265 601 470 636; baseline 0.005 -2"><span class='ocrx_word' id='word_1_59' title='bbox 265 609 339 635; x_wconf 88' lang='lat' dir='ltr'><strong>con</strong></span> <span class='ocrx_word' id='word_1_60' title='bbox 369 601 470 636; x_wconf 82' lang='lat' dir='ltr'><strong>ruet.</strong></span> 
     </span>
     <span class='ocr_line' id='line_1_9' title="bbox 103 610 1568 720; baseline 0.003 -19"><span class='ocrx_word' id='word_1_61' title='bbox 103 662 182 703; x_wconf 73' lang='lat' dir='ltr'><strong>De.</strong></span> <span class='ocrx_word' id='word_1_62' title='bbox 223 610 401 715; x_wconf 58' lang='lat' dir='ltr'>Rogaiio.</span> <span class='ocrx_word' id='word_1_63' title='bbox 504 664 533 702; x_wconf 91' lang='lat' dir='ltr'>C</span> <span class='ocrx_word' id='word_1_64' title='bbox 539 677 577 702; x_wconf 76' lang='grc' dir='ltr'><strong>Η.</strong></span> <span class='ocrx_word' id='word_1_65' title='bbox 627 662 707 702; x_wconf 89' lang='lat' dir='ltr'><strong>Ubi</strong></span> <span class='ocrx_word' id='word_1_66' title='bbox 734 676 808 715; x_wconf 87' lang='lat' dir='ltr'><strong>ego</strong></span> <span class='ocrx_word' id='word_1_67' title='bbox 828 662 915 702; x_wconf 84' lang='lat' dir='ltr'>illas</span> <span class='ocrx_word' id='word_1_68' title='bbox 949 677 1055 703; x_wconf 87' lang='lat' dir='ltr'><strong>nunc</strong></span> <span class='ocrx_word' id='word_1_69' title='bbox 1089 664 1170 704; x_wconf 84' lang='lat' dir='ltr'><strong>iam</strong></span> <span class='ocrx_word' id='word_1_70' title='bbox 1202 665 1375 719; x_wconf 88' lang='lat' dir='ltr'><strong>reperire</strong></span> <span class='ocrx_word' id='word_1_71' title='bbox 1407 665 1568 720; x_wconf 79' lang='lat' dir='ltr'>possim,</span> 
     </span>
     <span class='ocr_line' id='line_1_10' title="bbox 265 730 1570 783; baseline 0.002 -13"><span class='ocrx_word' id='word_1_72' title='bbox 265 730 406 783; x_wconf 86' lang='lat' dir='ltr'><strong>cogito.</strong></span> <span class='ocrx_word' id='word_1_73' title='bbox 1523 735 1570 773; x_wconf 87' lang='lat'><strong>15</strong></span> 
     </span>
    </p>
   </div>
   <div class='ocr_carea' id='block_1_5' title="bbox 530 932 1145 972">
    <p class='ocr_par' dir='ltr' id='par_1_5' title="bbox 530 932 1145 972">
     <span class='ocr_line' id='line_1_11' title="bbox 530 932 1145 972; baseline 0.002 -1"><span class='ocrx_word' id='word_1_74' title='bbox 530 932 706 971; x_wconf 89' lang='lat' dir='ltr'>ACTUS</span> <span class='ocrx_word' id='word_1_75' title='bbox 750 932 800 971; x_wconf 89' lang='lat' dir='ltr'><strong>V.</strong></span> <span class='ocrx_word' id='word_1_76' title='bbox 887 932 1066 972; x_wconf 90' lang='lat' dir='ltr'><strong>SCENA</strong></span> <span class='ocrx_word' id='word_1_77' title='bbox 1111 933 1145 972; x_wconf 91' lang='grc' dir='ltr'><strong>Ι.</strong></span> 
     </span>
    </p>
   </div>
   <div class='ocr_carea' id='block_1_6' title="bbox 586 1026 1096 1066">
    <p class='ocr_par' dir='ltr' id='par_1_6' title="bbox 586 1026 1096 1066">
     <span class='ocr_line' id='line_1_12' title="bbox 586 1026 1096 1066; baseline 0.004 -2"><span class='ocrx_word' id='word_1_78' title='bbox 586 1026 823 1065; x_wconf 74' lang='lat' dir='ltr'><strong>SoPmmNA.</strong></span> <span class='ocrx_word' id='word_1_79' title='bbox 882 1026 1096 1066; x_wconf 70' lang='lat' dir='ltr'>CHREMES.</span> 
     </span>
    </p>
   </div>
   <div class='ocr_carea' id='block_1_7' title="bbox 105 1129 1582 2656">
    <p class='ocr_par' dir='ltr' id='par_1_7' title="bbox 105 1129 1576 1244">
     <span class='ocr_line' id='line_1_13' title="bbox 105 1129 1576 1184; baseline 0.001 -14"><span class='ocrx_word' id='word_1_80' title='bbox 105 1132 169 1170; x_wconf 91' lang='lat' dir='ltr'><strong>So.</strong></span> <span class='ocrx_word' id='word_1_81' title='bbox 202 1130 309 1175; x_wconf 87' lang='lat' dir='ltr'><strong>Quid</strong></span> <span class='ocrx_word' id='word_1_82' title='bbox 329 1131 476 1183; x_wconf 85' lang='lat' dir='ltr'><strong>agam?</strong></span> <span class='ocrx_word' id='word_1_83' title='bbox 505 1143 624 1182; x_wconf 89' lang='lat' dir='ltr'><strong>quem</strong></span> <span class='ocrx_word' id='word_1_84' title='bbox 644 1129 700 1168; x_wconf 88' lang='lat' dir='ltr'><strong>mi</strong></span> <span class='ocrx_word' id='word_1_85' title='bbox 720 1130 894 1169; x_wconf 88' lang='lat' dir='ltr'><strong>amicum</strong></span> <span class='ocrx_word' id='word_1_86' title='bbox 913 1130 1058 1170; x_wconf 86' lang='lat' dir='ltr'><strong>misera</strong></span> <span class='ocrx_word' id='word_1_87' title='bbox 1076 1130 1292 1180; x_wconf 85' lang='lat' dir='ltr'><strong>inveniam,</strong></span> <span class='ocrx_word' id='word_1_88' title='bbox 1314 1144 1392 1184; x_wconf 90' lang='lat' dir='ltr'><strong>quo</strong></span> <span class='ocrx_word' id='word_1_89' title='bbox 1411 1131 1576 1172; x_wconf 84' lang='lat' dir='ltr'><strong>consilia</strong></span> 
     </span>
     <span class='ocr_line' id='line_1_14' title="bbox 267 1197 645 1244; baseline -0.005 -8"><span class='ocrx_word' id='word_1_90' title='bbox 267 1197 352 1236; x_wconf 86' lang='lat' dir='ltr'><strong>haec</strong></span> <span class='ocrx_word' id='word_1_91' title='bbox 372 1197 554 1244; x_wconf 83' lang='lat' dir='ltr'><strong>referam,</strong></span> <span class='ocrx_word' id='word_1_92' title='bbox 576 1201 645 1235; x_wconf 84' lang='lat' dir='ltr'><strong>aut</strong></span> 
     </span>
    </p>

    <p class='ocr_par' dir='ltr' id='par_1_8' title="bbox 107 1263 694 1316">
     <span class='ocr_line' id='line_1_15' title="bbox 107 1263 694 1316; baseline -0.003 -13"><span class='ocrx_word' id='word_1_93' title='bbox 107 1264 222 1303; x_wconf 87' lang='lat' dir='ltr'><strong>Unde</strong></span> <span class='ocrx_word' id='word_1_94' title='bbox 242 1264 298 1303; x_wconf 88' lang='lat' dir='ltr'><strong>mi</strong></span> <span class='ocrx_word' id='word_1_95' title='bbox 318 1263 511 1303; x_wconf 80' lang='lat' dir='ltr'><strong>auxilium</strong></span> <span class='ocrx_word' id='word_1_96' title='bbox 531 1263 694 1316; x_wconf 80' lang='lat' dir='ltr'><strong>petam?</strong></span> 
     </span>
    </p>

    <p class='ocr_par' dir='ltr' id='par_1_9' title="bbox 105 1330 1575 1384">
     <span class='ocr_line' id='line_1_16' title="bbox 105 1330 1575 1384; baseline 0.001 -14"><span class='ocrx_word' id='word_1_97' title='bbox 105 1331 213 1370; x_wconf 84' lang='lat' dir='ltr'><strong>Nam</strong></span> <span class='ocrx_word' id='word_1_98' title='bbox 235 1344 384 1379; x_wconf 86' lang='lat' dir='ltr'><strong>vereor,</strong></span> <span class='ocrx_word' id='word_1_99' title='bbox 412 1330 509 1369; x_wconf 88' lang='lat' dir='ltr'><strong>hera</strong></span> <span class='ocrx_word' id='word_1_100' title='bbox 528 1343 579 1368; x_wconf 89' lang='lat' dir='ltr'><strong>ne</strong></span> <span class='ocrx_word' id='word_1_101' title='bbox 599 1330 648 1368; x_wconf 93' lang='lat' dir='ltr'><strong>ob</strong></span> <span class='ocrx_word' id='word_1_102' title='bbox 669 1343 804 1369; x_wconf 90' lang='lat' dir='ltr'><strong>meum</strong></span> <span class='ocrx_word' id='word_1_103' title='bbox 824 1343 984 1369; x_wconf 85' lang='lat' dir='ltr'><strong>suasum</strong></span> <span class='ocrx_word' id='word_1_104' title='bbox 1003 1330 1168 1384; x_wconf 87' lang='lat' dir='ltr'>indigne</span> <span class='ocrx_word' id='word_1_105' title='bbox 1188 1331 1335 1384; x_wconf 82' lang='lat' dir='ltr'><strong>injuria</strong></span> <span class='ocrx_word' id='word_1_106' title='bbox 1353 1331 1548 1372; x_wconf 80' lang='lat' dir='ltr'><strong>afficiatur</strong></span> <span class='ocrx_word' id='word_1_107' title='bbox 1566 1346 1575 1372; x_wconf 92' lang='lat'><strong>:</strong></span> 
     </span>
    </p>

    <p class='ocr_par' dir='ltr' id='par_1_10' title="bbox 109 1397 1411 1451">
     <span class='ocr_line' id='line_1_17' title="bbox 109 1397 1411 1451; baseline 0.002 -15"><span class='ocrx_word' id='word_1_108' title='bbox 109 1399 170 1437; x_wconf 73' lang='lat' dir='ltr'><strong>Ita</strong></span> <span class='ocrx_word' id='word_1_109' title='bbox 190 1406 344 1451; x_wconf 81' lang='lat' dir='ltr'><strong>patrem</strong></span> <span class='ocrx_word' id='word_1_110' title='bbox 365 1397 629 1437; x_wconf 82' lang='lat' dir='ltr'><strong>adulescentis</strong></span> <span class='ocrx_word' id='word_1_111' title='bbox 648 1398 753 1436; x_wconf 80' lang='lat' dir='ltr'><strong>facta</strong></span> <span class='ocrx_word' id='word_1_112' title='bbox 772 1397 859 1436; x_wconf 84' lang='lat' dir='ltr'><strong>haee</strong></span> <span class='ocrx_word' id='word_1_113' title='bbox 880 1397 1047 1437; x_wconf 85' lang='lat' dir='ltr'><strong>tolerare</strong></span> <span class='ocrx_word' id='word_1_114' title='bbox 1067 1398 1186 1438; x_wconf 86' lang='lat' dir='ltr'><strong>audio</strong></span> <span class='ocrx_word' id='word_1_115' title='bbox 1204 1398 1411 1439; x_wconf 75' lang='lat' dir='ltr'><strong>violenter.</strong></span> 
     </span>
    </p>

    <p class='ocr_par' dir='ltr' id='par_1_11' title="bbox 108 1464 1580 1572">
     <span class='ocr_line' id='line_1_18' title="bbox 108 1464 1580 1519; baseline 0.001 -15"><span class='ocrx_word' id='word_1_116' title='bbox 108 1468 182 1505; x_wconf 70' lang='lat' dir='ltr'><strong>Cu.</strong></span> <span class='ocrx_word' id='word_1_117' title='bbox 226 1466 333 1504; x_wconf 87' lang='lat' dir='ltr'><strong>Nam</strong></span> <span class='ocrx_word' id='word_1_118' title='bbox 354 1479 443 1518; x_wconf 83' lang='lat' dir='ltr'><strong>quae</strong></span> <span class='ocrx_word' id='word_1_119' title='bbox 473 1465 560 1504; x_wconf 90' lang='lat' dir='ltr'><strong>haec</strong></span> <span class='ocrx_word' id='word_1_120' title='bbox 584 1478 684 1504; x_wconf 82' lang='lat' dir='ltr'><strong>anus</strong></span> <span class='ocrx_word' id='word_1_121' title='bbox 710 1470 780 1513; x_wconf 87' lang='lat' dir='ltr'><strong>est,</strong></span> <span class='ocrx_word' id='word_1_122' title='bbox 803 1464 1032 1503; x_wconf 78' lang='lat' dir='ltr'><strong>exanimata</strong></span> <span class='ocrx_word' id='word_1_123' title='bbox 1058 1478 1082 1504; x_wconf 88' lang='lat' dir='ltr'>a</span> <span class='ocrx_word' id='word_1_124' title='bbox 1107 1464 1228 1505; x_wconf 76' lang='lat' dir='ltr'><strong>fratre</strong></span> <span class='ocrx_word' id='word_1_125' title='bbox 1253 1478 1344 1519; x_wconf 88' lang='lat' dir='ltr'><strong>quae</strong></span> <span class='ocrx_word' id='word_1_126' title='bbox 1370 1466 1580 1519; x_wconf 72' lang='lat' dir='ltr'><strong>egresss&#39;st</strong></span> 
     </span>
     <span class='ocr_line' id='line_1_19' title="bbox 270 1533 1575 1572; baseline 0 0"><span class='ocrx_word' id='word_1_127' title='bbox 270 1547 359 1572; x_wconf 88' lang='lat' dir='ltr'><strong>meo</strong></span> <span class='ocrx_word' id='word_1_128' title='bbox 371 1533 386 1571; x_wconf 69' lang='grc' dir='ltr'><strong>’ἶ</strong></span> <span class='ocrx_word' id='word_1_129' title='bbox 1551 1536 1575 1572; x_wconf 91' lang='grc'><strong>5</strong></span> 
     </span>
    </p>

    <p class='ocr_par' dir='ltr' id='par_1_12' title="bbox 110 1599 1579 1720">
     <span class='ocr_line' id='line_1_20' title="bbox 110 1599 1579 1653; baseline 0.001 -13"><span class='ocrx_word' id='word_1_130' title='bbox 110 1603 171 1640; x_wconf 83' lang='lat' dir='ltr'><strong>So.</strong></span> <span class='ocrx_word' id='word_1_131' title='bbox 214 1601 332 1645; x_wconf 84' lang='lat' dir='ltr'><strong>Quod</strong></span> <span class='ocrx_word' id='word_1_132' title='bbox 350 1605 395 1639; x_wconf 88' lang='lat' dir='ltr'><strong>ut</strong></span> <span class='ocrx_word' id='word_1_133' title='bbox 413 1601 599 1648; x_wconf 84' lang='lat' dir='ltr'><strong>facerem,</strong></span> <span class='ocrx_word' id='word_1_134' title='bbox 628 1604 781 1651; x_wconf 72' lang='lat' dir='ltr'><strong>egestas</strong></span> <span class='ocrx_word' id='word_1_135' title='bbox 807 1613 871 1638; x_wconf 90' lang='lat' dir='ltr'><strong>me</strong></span> <span class='ocrx_word' id='word_1_136' title='bbox 895 1599 1077 1653; x_wconf 78' lang='lat' dir='ltr'><strong>impulit3</strong></span> <span class='ocrx_word' id='word_1_137' title='bbox 1109 1614 1200 1640; x_wconf 75' lang='lat' dir='ltr'><strong>etun</strong></span> <span class='ocrx_word' id='word_1_138' title='bbox 1227 1601 1380 1650; x_wconf 87' lang='lat' dir='ltr'><strong>scirem,</strong></span> <span class='ocrx_word' id='word_1_139' title='bbox 1401 1600 1579 1641; x_wconf 78' lang='lat' dir='ltr'><strong>infirmas</strong></span> 
     </span>
     <span class='ocr_line' id='line_1_21' title="bbox 270 1667 429 1720; baseline -0.006 -14"><span class='ocrx_word' id='word_1_140' title='bbox 270 1667 429 1720; x_wconf 86' lang='lat' dir='ltr'>nuptias</span> 
     </span>
    </p>

    <p class='ocr_par' dir='ltr' id='par_1_13' title="bbox 110 1733 1423 1782">
     <span class='ocr_line' id='line_1_22' title="bbox 110 1733 1423 1782; baseline 0 -8"><span class='ocrx_word' id='word_1_141' title='bbox 110 1735 242 1774; x_wconf 76' lang='lat' dir='ltr'><strong>Hasce</strong></span> <span class='ocrx_word' id='word_1_142' title='bbox 264 1748 348 1774; x_wconf 86' lang='lat' dir='ltr'><strong>esse</strong></span> <span class='ocrx_word' id='word_1_143' title='bbox 367 1749 375 1773; x_wconf 91' lang='lat'>:</span> <span class='ocrx_word' id='word_1_144' title='bbox 405 1740 450 1773; x_wconf 79' lang='lat' dir='ltr'><strong>ut</strong></span> <span class='ocrx_word' id='word_1_145' title='bbox 467 1734 510 1773; x_wconf 94' lang='lat' dir='ltr'><strong>id</strong></span> <span class='ocrx_word' id='word_1_146' title='bbox 529 1733 790 1782; x_wconf 82' lang='lat' dir='ltr'><strong>consulerem,</strong></span> <span class='ocrx_word' id='word_1_147' title='bbox 811 1733 963 1773; x_wconf 86' lang='lat' dir='ltr'><strong>interea</strong></span> <span class='ocrx_word' id='word_1_148' title='bbox 984 1734 1064 1774; x_wconf 83' lang='lat' dir='ltr'>vita</span> <span class='ocrx_word' id='word_1_149' title='bbox 1081 1738 1127 1773; x_wconf 83' lang='lat' dir='ltr'><strong>ut</strong></span> <span class='ocrx_word' id='word_1_150' title='bbox 1145 1734 1187 1773; x_wconf 89' lang='lat' dir='ltr'><strong>in</strong></span> <span class='ocrx_word' id='word_1_151' title='bbox 1205 1738 1291 1774; x_wconf 77' lang='lat' dir='ltr'><strong>tuto</strong></span> <span class='ocrx_word' id='word_1_152' title='bbox 1310 1735 1423 1775; x_wconf 82' lang='lat' dir='ltr'><strong>foret.</strong></span> 
     </span>
    </p>

    <p class='ocr_par' dir='ltr' id='par_1_14' title="bbox 110 1801 1577 1855">
     <span class='ocr_line' id='line_1_23' title="bbox 110 1801 1577 1855; baseline 0 -15"><span class='ocrx_word' id='word_1_153' title='bbox 110 1803 185 1841; x_wconf 89' lang='lat' dir='ltr'>C1-1.</span> <span class='ocrx_word' id='word_1_154' title='bbox 209 1802 323 1841; x_wconf 85' lang='lat' dir='ltr'><strong>Certe</strong></span> <span class='ocrx_word' id='word_1_155' title='bbox 338 1801 491 1854; x_wconf 88' lang='lat' dir='ltr'><strong>edepol,</strong></span> <span class='ocrx_word' id='word_1_156' title='bbox 506 1801 581 1840; x_wconf 89' lang='lat' dir='ltr'><strong>nisi</strong></span> <span class='ocrx_word' id='word_1_157' title='bbox 594 1815 658 1840; x_wconf 90' lang='lat' dir='ltr'><strong>me</strong></span> <span class='ocrx_word' id='word_1_158' title='bbox 673 1802 830 1841; x_wconf 86' lang='lat' dir='ltr'><strong>animus</strong></span> <span class='ocrx_word' id='word_1_159' title='bbox 844 1801 957 1850; x_wconf 81' lang='lat' dir='ltr'>fallit,</span> <span class='ocrx_word' id='word_1_160' title='bbox 971 1807 1041 1840; x_wconf 84' lang='lat' dir='ltr'><strong>aut</strong></span> <span class='ocrx_word' id='word_1_161' title='bbox 1051 1815 1192 1855; x_wconf 83' lang='lat' dir='ltr'><strong>pamm</strong></span> <span class='ocrx_word' id='word_1_162' title='bbox 1203 1801 1451 1855; x_wconf 84' lang='lat' dir='ltr'><strong>prospiciunt</strong></span> <span class='ocrx_word' id='word_1_163' title='bbox 1462 1801 1577 1850; x_wconf 86' lang='lat' dir='ltr'><strong>oculi,</strong></span> 
     </span>
    </p>

    <p class='ocr_par' dir='ltr' id='par_1_15' title="bbox 111 1867 1581 1986">
     <span class='ocr_line' id='line_1_24' title="bbox 111 1867 1581 1922; baseline 0.001 -16"><span class='ocrx_word' id='word_1_164' title='bbox 111 1868 218 1906; x_wconf 88' lang='lat' dir='ltr'><strong>Meae</strong></span> <span class='ocrx_word' id='word_1_165' title='bbox 257 1867 454 1906; x_wconf 87' lang='lat' dir='ltr'><strong>nutricem</strong></span> <span class='ocrx_word' id='word_1_166' title='bbox 491 1873 625 1919; x_wconf 83' lang='lat' dir='ltr'><strong>gnatae</strong></span> <span class='ocrx_word' id='word_1_167' title='bbox 663 1867 791 1906; x_wconf 88' lang='lat' dir='ltr'><strong>video.</strong></span> <span class='ocrx_word' id='word_1_168' title='bbox 878 1869 943 1907; x_wconf 89' lang='lat' dir='ltr'><strong>So.</strong></span> <span class='ocrx_word' id='word_1_169' title='bbox 984 1867 1126 1922; x_wconf 90' lang='lat' dir='ltr'><strong>Neque</strong></span> <span class='ocrx_word' id='word_1_170' title='bbox 1163 1867 1230 1908; x_wconf 91' lang='lat' dir='ltr'><strong>ille</strong></span> <span class='ocrx_word' id='word_1_171' title='bbox 1266 1868 1581 1922; x_wconf 81' lang='lat' dir='ltr'><strong>investigatur—-</strong></span> 
     </span>
     <span class='ocr_line' id='line_1_25' title="bbox 274 1933 622 1986; baseline 0 -14"><span class='ocrx_word' id='word_1_172' title='bbox 274 1935 348 1972; x_wconf 72' lang='lat' dir='ltr'><strong>Cn.</strong></span> <span class='ocrx_word' id='word_1_173' title='bbox 388 1933 495 1978; x_wconf 85' lang='lat' dir='ltr'><strong>Quid</strong></span> <span class='ocrx_word' id='word_1_174' title='bbox 519 1934 622 1986; x_wconf 82' lang='lat' dir='ltr'>ago?</span> 
     </span>
    </p>

    <p class='ocr_par' dir='ltr' id='par_1_16' title="bbox 111 2000 1581 2120">
     <span class='ocr_line' id='line_1_26' title="bbox 111 2000 1581 2055; baseline 0.001 -15"><span class='ocrx_word' id='word_1_175' title='bbox 111 2002 177 2040; x_wconf 91' lang='lat' dir='ltr'><strong>So.</strong></span> <span class='ocrx_word' id='word_1_176' title='bbox 219 2001 298 2045; x_wconf 81' lang='lat' dir='ltr'><strong>Qui</strong></span> <span class='ocrx_word' id='word_1_177' title='bbox 319 2000 403 2053; x_wconf 88' lang='lat' dir='ltr'><strong>ejus</strong></span> <span class='ocrx_word' id='word_1_178' title='bbox 420 2006 534 2053; x_wconf 85' lang='lat' dir='ltr'><strong>pater</strong></span> <span class='ocrx_word' id='word_1_179' title='bbox 554 2005 623 2039; x_wconf 84' lang='lat' dir='ltr'><strong>est.</strong></span> <span class='ocrx_word' id='word_1_180' title='bbox 715 2000 791 2040; x_wconf 72' lang='lat' dir='ltr'><strong>GH.</strong></span> <span class='ocrx_word' id='word_1_181' title='bbox 833 2001 976 2040; x_wconf 80' lang='lat' dir='ltr'><strong>Adeo?</strong></span> <span class='ocrx_word' id='word_1_182' title='bbox 1004 2015 1056 2041; x_wconf 86' lang='lat' dir='ltr'><strong>an</strong></span> <span class='ocrx_word' id='word_1_183' title='bbox 1075 2015 1232 2050; x_wconf 84' lang='lat' dir='ltr'><strong>maneo,</strong></span> <span class='ocrx_word' id='word_1_184' title='bbox 1254 2002 1362 2051; x_wconf 90' lang='lat' dir='ltr'><strong>dum,</strong></span> <span class='ocrx_word' id='word_1_185' title='bbox 1383 2002 1471 2042; x_wconf 89' lang='lat' dir='ltr'><strong>haec</strong></span> <span class='ocrx_word' id='word_1_186' title='bbox 1492 2016 1581 2055; x_wconf 86' lang='lat' dir='ltr'><strong>quae</strong></span> 
     </span>
     <span class='ocr_line' id='line_1_27' title="bbox 271 2066 1575 2120; baseline 0.002 -15"><span class='ocrx_word' id='word_1_187' title='bbox 271 2066 456 2120; x_wconf 87' lang='lat' dir='ltr'><strong>loquitur,</strong></span> <span class='ocrx_word' id='word_1_188' title='bbox 478 2066 606 2118; x_wconf 84' lang='lat' dir='ltr'>magis</span> <span class='ocrx_word' id='word_1_189' title='bbox 626 2066 851 2118; x_wconf 82' lang='lat' dir='ltr'>cognosco?</span> <span class='ocrx_word' id='word_1_190' title='bbox 1525 2071 1575 2107; x_wconf 88' lang='lat'><strong>10</strong></span> 
     </span>
    </p>

    <p class='ocr_par' dir='ltr' id='par_1_17' title="bbox 113 2128 1579 2187">
     <span class='ocr_line' id='line_1_28' title="bbox 113 2128 1579 2187; baseline 0.001 -14"><span class='ocrx_word' id='word_1_191' title='bbox 113 2128 178 2174; x_wconf 62' lang='lat' dir='ltr'><strong>Soss</strong></span> <span class='ocrx_word' id='word_1_192' title='bbox 221 2133 339 2178; x_wconf 84' lang='lat' dir='ltr'><strong>Quod</strong></span> <span class='ocrx_word' id='word_1_193' title='bbox 365 2132 397 2171; x_wconf 88' lang='lat' dir='ltr'><strong>si</strong></span> <span class='ocrx_word' id='word_1_194' title='bbox 423 2145 514 2171; x_wconf 90' lang='lat' dir='ltr'><strong>eum</strong></span> <span class='ocrx_word' id='word_1_195' title='bbox 538 2145 645 2170; x_wconf 92' lang='lat' dir='ltr'><strong>nunc</strong></span> <span class='ocrx_word' id='word_1_196' title='bbox 676 2131 848 2184; x_wconf 86' lang='lat' dir='ltr'><strong>reperire</strong></span> <span class='ocrx_word' id='word_1_197' title='bbox 874 2131 1034 2184; x_wconf 87' lang='lat' dir='ltr'>possim,</span> <span class='ocrx_word' id='word_1_198' title='bbox 1065 2131 1166 2172; x_wconf 90' lang='lat' dir='ltr'>nihil</span> <span class='ocrx_word' id='word_1_199' title='bbox 1195 2138 1265 2182; x_wconf 82' lang='lat' dir='ltr'><strong>est,</strong></span> <span class='ocrx_word' id='word_1_200' title='bbox 1297 2134 1404 2187; x_wconf 91' lang='lat' dir='ltr'><strong>quod</strong></span> <span class='ocrx_word' id='word_1_201' title='bbox 1430 2147 1579 2174; x_wconf 81' lang='lat' dir='ltr'><strong>verear.</strong></span> 
     </span>
    </p>

    <p class='ocr_par' dir='ltr' id='par_1_18' title="bbox 208 2189 617 2251">
     <span class='ocr_line' id='line_1_29' title="bbox 208 2189 617 2251; baseline -0.005 -13"><span class='ocrx_word' id='word_1_202' title='bbox 208 2189 214 2196; x_wconf 20' lang='grc' dir='ltr'><strong>Χ</strong></span> <span class='ocrx_word' id='word_1_203' title='bbox 276 2200 351 2238; x_wconf 74' lang='lat' dir='ltr'><strong>Cu.</strong></span> <span class='ocrx_word' id='word_1_204' title='bbox 392 2199 501 2238; x_wconf 85' lang='lat' dir='ltr'><strong>Ea’st</strong></span> <span class='ocrx_word' id='word_1_205' title='bbox 519 2198 617 2251; x_wconf 82' lang='lat' dir='ltr'>ipsa.</span> 
     </span>
    </p>

    <p class='ocr_par' dir='ltr' id='par_1_19' title="bbox 114 2263 1582 2375">
     <span class='ocr_line' id='line_1_30' title="bbox 114 2263 1582 2320; baseline -0.001 -12"><span class='ocrx_word' id='word_1_206' title='bbox 114 2267 335 2320; x_wconf 81' lang='lat' dir='ltr'><strong>Colloquar.</strong></span> <span class='ocrx_word' id='word_1_207' title='bbox 419 2266 485 2305; x_wconf 88' lang='lat' dir='ltr'><strong>So.</strong></span> <span class='ocrx_word' id='word_1_208' title='bbox 526 2264 624 2310; x_wconf 87' lang='lat' dir='ltr'><strong>Quis</strong></span> <span class='ocrx_word' id='word_1_209' title='bbox 644 2263 708 2303; x_wconf 83' lang='lat' dir='ltr'><strong>hic</strong></span> <span class='ocrx_word' id='word_1_210' title='bbox 726 2263 930 2317; x_wconf 80' lang='lat' dir='ltr'><strong>loquitur?</strong></span> <span class='ocrx_word' id='word_1_211' title='bbox 1005 2264 1079 2304; x_wconf 80' lang='lat' dir='ltr'><strong>Cn.</strong></span> <span class='ocrx_word' id='word_1_212' title='bbox 1120 2264 1339 2319; x_wconf 85' lang='lat' dir='ltr'>Sophrona.</span> <span class='ocrx_word' id='word_1_213' title='bbox 1425 2268 1490 2307; x_wconf 91' lang='lat' dir='ltr'><strong>So.</strong></span> <span class='ocrx_word' id='word_1_214' title='bbox 1530 2267 1582 2308; x_wconf 85' lang='lat' dir='ltr'><strong>Et</strong></span> 
     </span>
     <span class='ocr_line' id='line_1_31' title="bbox 273 2331 808 2375; baseline -0.007 -1"><span class='ocrx_word' id='word_1_215' title='bbox 273 2347 411 2375; x_wconf 87' lang='lat' dir='ltr'><strong>meum</strong></span> <span class='ocrx_word' id='word_1_216' title='bbox 430 2346 578 2372; x_wconf 90' lang='lat' dir='ltr'><strong>nomen</strong></span> <span class='ocrx_word' id='word_1_217' title='bbox 597 2331 808 2371; x_wconf 79' lang='lat' dir='ltr'><strong>nominat?</strong></span> 
     </span>
    </p>

    <p class='ocr_par' dir='ltr' id='par_1_20' title="bbox 114 2399 1582 2520">
     <span class='ocr_line' id='line_1_32' title="bbox 114 2399 1582 2457; baseline -0.001 -13"><span class='ocrx_word' id='word_1_218' title='bbox 114 2405 188 2444; x_wconf 76' lang='lat' dir='ltr'><strong>Cn.</strong></span> <span class='ocrx_word' id='word_1_219' title='bbox 230 2403 398 2456; x_wconf 80' lang='lat' dir='ltr'><strong>Respice</strong></span> <span class='ocrx_word' id='word_1_220' title='bbox 425 2402 476 2441; x_wconf 89' lang='lat' dir='ltr'><strong>ad</strong></span> <span class='ocrx_word' id='word_1_221' title='bbox 502 2414 580 2440; x_wconf 89' lang='lat' dir='ltr'><strong>me.</strong></span> <span class='ocrx_word' id='word_1_222' title='bbox 667 2401 732 2439; x_wconf 92' lang='lat' dir='ltr'><strong>So.</strong></span> <span class='ocrx_word' id='word_1_223' title='bbox 772 2399 838 2449; x_wconf 89' lang='lat' dir='ltr'><strong>Di,</strong></span> <span class='ocrx_word' id='word_1_224' title='bbox 867 2400 1028 2441; x_wconf 85' lang='lat' dir='ltr'><strong>obsecro</strong></span> <span class='ocrx_word' id='word_1_225' title='bbox 1053 2413 1135 2449; x_wconf 76' lang='lat' dir='ltr'>VOS,</span> <span class='ocrx_word' id='word_1_226' title='bbox 1167 2406 1278 2442; x_wconf 82' lang='lat' dir='ltr'><strong>estne</strong></span> <span class='ocrx_word' id='word_1_227' title='bbox 1305 2401 1371 2442; x_wconf 90' lang='lat' dir='ltr'><strong>hic</strong></span> <span class='ocrx_word' id='word_1_228' title='bbox 1400 2401 1582 2457; x_wconf 73' lang='lat' dir='ltr'>Stilpho?</span> 
     </span>
     <span class='ocr_line' id='line_1_33' title="bbox 276 2467 856 2520; baseline -0.005 -11"><span class='ocrx_word' id='word_1_229' title='bbox 276 2471 351 2509; x_wconf 76' lang='lat' dir='ltr'><strong>Cn.</strong></span> <span class='ocrx_word' id='word_1_230' title='bbox 391 2470 498 2509; x_wconf 86' lang='lat' dir='ltr'><strong>Non.</strong></span> <span class='ocrx_word' id='word_1_231' title='bbox 583 2469 649 2507; x_wconf 85' lang='lat' dir='ltr'><strong>So.</strong></span> <span class='ocrx_word' id='word_1_232' title='bbox 689 2467 856 2520; x_wconf 79' lang='lat' dir='ltr'><strong>Negas?</strong></span> 
     </span>
    </p>

    <p class='ocr_par' dir='ltr' id='par_1_21' title="bbox 113 2533 1512 2588">
     <span class='ocr_line' id='line_1_34' title="bbox 113 2533 1512 2588; baseline -0.002 -11"><span class='ocrx_word' id='word_1_233' title='bbox 113 2538 189 2577; x_wconf 77' lang='lat' dir='ltr'><strong>Cn.</strong></span> <span class='ocrx_word' id='word_1_234' title='bbox 231 2536 413 2577; x_wconf 88' lang='lat' dir='ltr'><strong>Concede</strong></span> <span class='ocrx_word' id='word_1_235' title='bbox 431 2535 526 2574; x_wconf 90' lang='lat' dir='ltr'><strong>hinc</strong></span> <span class='ocrx_word' id='word_1_236' title='bbox 546 2548 571 2574; x_wconf 85' lang='lat' dir='ltr'><strong>a</strong></span> <span class='ocrx_word' id='word_1_237' title='bbox 587 2534 737 2574; x_wconf 87' lang='lat' dir='ltr'><strong>foribus</strong></span> <span class='ocrx_word' id='word_1_238' title='bbox 756 2533 921 2586; x_wconf 86' lang='lat' dir='ltr'><strong>paulum</strong></span> <span class='ocrx_word' id='word_1_239' title='bbox 941 2533 1125 2574; x_wconf 77' lang='lat' dir='ltr'><strong>istm-sum</strong></span> <span class='ocrx_word' id='word_1_240' title='bbox 1144 2534 1271 2584; x_wconf 86' lang='lat' dir='ltr'><strong>sodes,</strong></span> <span class='ocrx_word' id='word_1_241' title='bbox 1293 2534 1512 2588; x_wconf 81' lang='lat' dir='ltr'><strong>Sophrona.</strong></span> 
     </span>
    </p>

    <p class='ocr_par' dir='ltr' id='par_1_22' title="bbox 114 2601 1580 2656">
     <span class='ocr_line' id='line_1_35' title="bbox 114 2601 1580 2656; baseline -0.001 -12"><span class='ocrx_word' id='word_1_242' title='bbox 114 2606 179 2644; x_wconf 88' lang='lat' dir='ltr'><strong>Ne</strong></span> <span class='ocrx_word' id='word_1_243' title='bbox 216 2617 282 2643; x_wconf 89' lang='lat' dir='ltr'><strong>me</strong></span> <span class='ocrx_word' id='word_1_244' title='bbox 319 2603 417 2642; x_wconf 86' lang='lat' dir='ltr'><strong>istoc</strong></span> <span class='ocrx_word' id='word_1_245' title='bbox 454 2602 618 2656; x_wconf 86' lang='lat' dir='ltr'><strong>posthac</strong></span> <span class='ocrx_word' id='word_1_246' title='bbox 655 2602 817 2641; x_wconf 85' lang='lat' dir='ltr'><strong>nomine</strong></span> <span class='ocrx_word' id='word_1_247' title='bbox 857 2601 1098 2655; x_wconf 85' lang='lat' dir='ltr'><strong>appellassis.</strong></span> <span class='ocrx_word' id='word_1_248' title='bbox 1188 2603 1255 2642; x_wconf 89' lang='lat' dir='ltr'><strong>So.</strong></span> <span class='ocrx_word' id='word_1_249' title='bbox 1304 2602 1441 2647; x_wconf 76' lang='lat' dir='ltr'><strong>Quid?</strong></span> <span class='ocrx_word' id='word_1_250' title='bbox 1485 2603 1580 2651; x_wconf 81' lang='lat' dir='ltr'><strong>non,</strong></span> 
     </span>
    </p>
   </div>
   <div class='ocr_carea' id='block_1_8' title="bbox 274 2671 1634 2719">
    <p class='ocr_par' dir='ltr' id='par_1_23' title="bbox 274 2671 1634 2719">
     <span class='ocr_line' id='line_1_36' title="bbox 274 2671 1634 2719; baseline -0.001 -10"><span class='ocrx_word' id='word_1_251' title='bbox 274 2671 445 2719; x_wconf 85' lang='lat' dir='ltr'><strong>obsecro,</strong></span> <span class='ocrx_word' id='word_1_252' title='bbox 468 2684 521 2719; x_wconf 91' lang='lat' dir='ltr'><strong>es,</strong></span> <span class='ocrx_word' id='word_1_253' title='bbox 1531 2671 1579 2709; x_wconf 82' lang='lat'><strong>15</strong></span> <span class='ocrx_word' id='word_1_254' title='bbox 1625 2701 1634 2708; x_wconf 89' lang='lat'>.</span> 
     </span>
    </p>
   </div>
   <div class='ocr_carea' id='block_1_9' title="bbox 115 2734 1582 2847">
    <p class='ocr_par' dir='ltr' id='par_1_24' title="bbox 115 2734 1582 2847">
     <span class='ocr_line' id='line_1_37' title="bbox 115 2734 1582 2791; baseline -0.001 -12"><span class='ocrx_word' id='word_1_255' title='bbox 115 2740 246 2784; x_wconf 83' lang='lat' dir='ltr'><strong>Quem</strong></span> <span class='ocrx_word' id='word_1_256' title='bbox 266 2752 423 2791; x_wconf 85' lang='lat' dir='ltr'><strong>semper</strong></span> <span class='ocrx_word' id='word_1_257' title='bbox 441 2743 480 2778; x_wconf 86' lang='lat' dir='ltr'><strong>te</strong></span> <span class='ocrx_word' id='word_1_258' title='bbox 501 2752 584 2778; x_wconf 86' lang='lat' dir='ltr'><strong>esse</strong></span> <span class='ocrx_word' id='word_1_259' title='bbox 605 2737 815 2778; x_wconf 75' lang='lat' dir='ltr'><strong>dictitasti?</strong></span> <span class='ocrx_word' id='word_1_260' title='bbox 886 2737 961 2777; x_wconf 72' lang='lat' dir='ltr'><strong>Ca.</strong></span> <span class='ocrx_word' id='word_1_261' title='bbox 987 2737 1054 2777; x_wconf 86' lang='lat' dir='ltr'><strong>st!</strong></span> <span class='ocrx_word' id='word_1_262' title='bbox 1124 2737 1190 2777; x_wconf 88' lang='lat' dir='ltr'><strong>So.</strong></span> <span class='ocrx_word' id='word_1_263' title='bbox 1218 2735 1328 2782; x_wconf 82' lang='lat' dir='ltr'><strong>Quid</strong></span> <span class='ocrx_word' id='word_1_264' title='bbox 1345 2734 1419 2777; x_wconf 73' lang='lat' dir='ltr'><strong>has</strong></span> <span class='ocrx_word' id='word_1_265' title='bbox 1437 2735 1582 2778; x_wconf 65' lang='lat' dir='ltr'><strong>metuis</strong></span> 
     </span>
     <span class='ocr_line' id='line_1_38' title="bbox 276 2806 410 2847; baseline 0.015 -2"><span class='ocrx_word' id='word_1_266' title='bbox 276 2806 380 2845; x_wconf 84' lang='lat' dir='ltr'><strong>fores</strong></span> <span class='ocrx_word' id='word_1_267' title='bbox 394 2806 410 2847; x_wconf 73' lang='grc' dir='ltr'><strong>’ἒ</strong></span> 
     </span>
    </p>
   </div>
   <div class='ocr_carea' id='block_1_10' title="bbox 1652 305 1670 843">
    <p class='ocr_par' dir='ltr' id='par_1_25' title="bbox 1652 305 1670 843">
     <span class='ocr_line' id='line_1_39' title="bbox 1652 305 1670 843; textangle 90"><span class='ocrx_word' id='word_1_268' title='bbox 1666 836 1670 843; x_wconf 85' lang='grc'>.</span> <span class='ocrx_word' id='word_1_269' title='bbox 1667 819 1670 823; x_wconf 97' lang='grc'>.</span> <span class='ocrx_word' id='word_1_270' title='bbox 1665 770 1670 783; x_wconf 79' lang='lat'>-</span> <span class='ocrx_word' id='word_1_271' title='bbox 1652 678 1670 750; x_wconf 49' lang='grc' dir='ltr'><strong>,ὴὲ-,συ</strong></span> <span class='ocrx_word' id='word_1_272' title='bbox 1659 599 1670 663; x_wconf 52' lang='lat' dir='ltr'><strong>uam—⁴</strong></span> <span class='ocrx_word' id='word_1_273' title='bbox 1662 579 1670 592; x_wconf 62' lang='grc' dir='ltr'><strong>ν.</strong></span> <span class='ocrx_word' id='word_1_274' title='bbox 1663 540 1670 573; x_wconf 49' lang='lat' dir='ltr'><strong>-m</strong></span> <span class='ocrx_word' id='word_1_275' title='bbox 1658 431 1670 532; x_wconf 48' lang='lat' dir='ltr'><strong>ananam&gt;</strong></span> <span class='ocrx_word' id='word_1_276' title='bbox 1657 349 1670 425; x_wconf 44' lang='lat'><strong>2495:</strong></span> <span class='ocrx_word' id='word_1_277' title='bbox 1660 328 1670 342; x_wconf 86' lang='grc'><strong>.-.</strong></span> <span class='ocrx_word' id='word_1_278' title='bbox 1663 305 1670 322; x_wconf 74' lang='grc'><strong>.-</strong></span> 
     </span>
    </p>
   </div>
  </div>
 </body>
</html>
