1670 3080
102 132 167 180 92
501 151 747 184 HEAUTON
783 153 1170 185 TIMORUMENOS·

104 235 178 274 BA.
219 235 412 280 Quisnam
440 236 506 276 hic
532 237 764 278 adulescens
792 245 862 287 est,
889 239 957 292 qui
984 239 1151 278 intuitur
1178 238 1280 278 nos?
1353 237 1435 277 An.
1474 237 1567 277 Ah!

266 302 392 341 retine
412 316 489 351 me,
511 303 685 343 obsecro.

104 367 178 407 BA.
201 369 358 408 Amabo
378 370 474 422 quid
492 370 563 410 tibi
582 371 670 410 est?
725 371 805 410 Aa.
829 370 1013 424 Disperii,
1035 370 1134 423 perii
1152 369 1309 410 misera.
1367 369 1442 409 ΒΑ,
1464 368 1572 414 Quid

265 441 328 474 stu
358 449 398 474 es

103 449 355 554 Antiphila?
399 465 495 542 ’Aa
527 503 696 543 Videon’
719 503 900 553 Cliniam,
922 518 974 544 an
992 505 1105 543 non?
1178 504 1252 544 BA.
1283 505 1414 550 Quem
1432 503 1571 544 vides?

267 569 336 607 CL.
377 568 492 608 Salve
512 569 644 609 anime
663 570 732 609 mi.
1514 571 1566 610 25

104 635 184 673 ΑΝ.
226 636 274 683 O,
295 635 352 674 mi
372 641 597 688 exspectate
619 636 759 685 Clinia,
781 636 900 676 salve.
987 637 1056 675 CL.
1096 637 1154 675 Ut
1171 636 1307 677 vales?

104 702 185 740 ΑΝ.
209 701 371 741 Salvum
390 702 596 742 advenisse
615 703 784 756 gaudeo.
870 704 939 742 CL.
980 704 1167 743 Teneone
1188 710 1239 753 te,

104 768 325 822 Antiphila,
346 783 534 809 maxume
554 770 689 810 animo
709 776 937 823 exoptatam
956 772 1076 810 meo?

103 836 171 874 SY.
214 836 274 875 Ite
294 835 398 876 intro
417 851 425 875 :
456 849 551 876 nam
572 850 641 876 vos
653 836 893 890 jamdudum
913 842 1118 890 exspectat
1136 849 1271 878 senex.

523 1036 701 1076 ACTUS
746 1036 828 1076 ΙΙΙ.
902 1036 1083 1076 SCENA
1124 1036 1157 1075 Ι.

567 1138 781 1177 CHREMES.
832 1137 1115 1177 MENEDEMUS.

106 1244 181 1282 Cn.
222 1241 396 1281 Luciscit
414 1239 489 1280 hoc
502 1239 589 1293 jam
607 1254 616 1279 z
646 1253 755 1280 cesso
774 1240 927 1293 pultare
948 1241 1093 1280 ostium

105 1309 267 1349 Vicini?
294 1309 468 1362 primum
489 1321 540 1346 ex
558 1321 624 1347 me
643 1313 688 1346 ut
706 1307 814 1356 sciat,
836 1308 910 1346 sibi
929 1307 1056 1346 filium

105 1378 285 1417 Rediisse
303 1392 311 1416 :
343 1377 415 1416 etsi
436 1375 730 1416 adulescentem
749 1375 825 1415 hoc
844 1375 950 1414 nolle
969 1375 1160 1428 intelligo.

104 1445 258 1484 Verum
278 1458 370 1484 cum
389 1443 560 1492 videam,
581 1443 770 1482 miserum
788 1443 896 1482 hunc
916 1448 999 1482 tam
1020 1442 1284 1482 excruciarier

105 1511 202 1564 Ejus
222 1511 342 1559 abitu,
364 1510 491 1550 celem
510 1515 593 1549 tam
611 1509 857 1562 insperatum
876 1509 1068 1562 gaudium
1084 1523 1094 1558 ;
1543 1513 1568 1550 5

106 1578 207 1616 Cum
227 1576 285 1615 illi
303 1576 441 1629 pericli
460 1575 561 1615 nihil
581 1589 632 1615 ex
650 1575 797 1615 indicio
818 1575 921 1614 siet?

106 1643 230 1683 Haud
247 1643 394 1682 faciam
411 1657 419 1666 ·
448 1656 544 1682 nam
565 1642 671 1695 quod
689 1647 825 1695 potero
845 1641 1031 1694 adjutabo
1051 1654 1198 1681 senem.

106 1711 210 1750 Item
229 1716 275 1749 ut
294 1710 420 1749 filium
435 1723 571 1749 meum
591 1710 719 1748 amico
739 1714 857 1761 atque
877 1708 1022 1761 aequali
1041 1722 1112 1748 suo

106 1777 235 1816 Video
255 1777 456 1825 inservire,
479 1782 519 1815 et
538 1776 688 1815 socium
709 1789 792 1815 esse
811 1776 853 1814 in
873 1775 1042 1828 negotiis
1058 1789 1068 1824 ;

106 1843 191 1882 Nos
211 1856 367 1896 quoque
387 1856 501 1881 senes
521 1847 580 1880 est
598 1855 759 1893 aequum
779 1841 939 1881 senibus
958 1842 1132 1894 obsequi.
1524 1845 1573 1881 10

108 1909 193 1947 ΜΕ.
235 1909 319 1948 Aut
338 1921 411 1960 ego
430 1907 605 1960 profecto
624 1906 786 1958 ingenio
806 1906 964 1959 egregie
984 1906 1036 1946 ad
1053 1907 1254 1947 miseriam

107 1975 237 2014 Natus
256 1989 343 2014 sum
359 1989 368 2024 ;
400 1979 469 2013 aut
486 1973 585 2013 illud
602 1972 807 2020 falsum'st,
830 1973 936 2025 quod
955 1973 1073 2025 volgo
1093 1974 1211 2013 audio

108 2042 211 2090 Dici,
234 2043 340 2081 diem
359 2041 532 2081 adimere
553 2039 829 2092 aegritudinem
849 2039 1076 2079 hominibus
1093 2054 1102 2078 ε

108 2108 217 2147 Nam
236 2108 335 2146 mihi
353 2106 514 2160 quidem
535 2105 709 2158 quotidie
729 2104 908 2156 augescit
926 2105 1055 2157 magis

107 2174 171 2212 De
191 2173 272 2212 filio
292 2171 485 2225 aegritudo
502 2185 511 2220 3
543 2171 583 2209 et
601 2175 749 2222 quanto
768 2169 915 2208 diutius
1519 2172 1568 2210 15

108 2241 245 2288 Abest,
266 2239 395 2292 magis
414 2237 530 2291 cupio
549 2241 671 2284 tanto,
694 2241 732 2274 et
751 2235 879 2287 magis
899 2235 1088 2275 desidero.

108 2308 183 2346 CH.
224 2306 301 2345 Sed
318 2306 450 2358 ipsum
467 2304 572 2343 foras
591 2315 793 2355 egressum
814 2301 951 2350 video;
981 2302 1058 2350 ibo,
1081 2301 1272 2354 alloquar.

108 2373 361 2421 Menedeme,
383 2371 514 2412 salve:
543 2369 729 2409 nuntium
750 2374 915 2421 apporto
935 2369 1018 2417 tibi,

107 2439 228 2491 Cujus
246 2451 435 2477 maxume
455 2442 494 2475 te
514 2435 600 2476 fieri
617 2434 850 2488 participem
870 2435 993 2487 cupis.

60 2523 63 2525 ¹
106 2506 193 2545 ME.
233 2506 344 2544 Num
364 2504 553 2557 quidnam
575 2502 624 2542 de
642 2506 763 2554 gnato
781 2515 871 2540 meo
891 2501 1046 2550 audisti,
1069 2501 1265 2540 Chreme?
1517 2504 1569 2540 20

106 2573 181 2610 Cn.
222 2570 342 2609 Valet
360 2575 478 2621 atque
498 2568 606 2608 vivit.
665 2567 751 2606 ΜΕ.
785 2567 1010 2606 Ubinam’st
1029 2567 1190 2619 quaeso?
1246 2567 1322 2605 Cn.
1362 2567 1484 2620 Apud
1502 2581 1567 2606 me

265 2637 330 2675 hic
351 2635 470 2675 domi.

106 2703 193 2743 Mn.
233 2702 352 2741 Meus
371 2700 547 2753 gnatus?
620 2699 694 2738 Cn.
737 2698 799 2737 Sic
829 2704 899 2738 est.
977 2697 1064 2737 Mn.
1107 2697 1258 2737 Venit?
1332 2697 1407 2737 Cu.
1440 2695 1568 2737 Certe.

269 2769 356 2807 Mn.
396 2767 525 2806 Clinia

108 2829 232 2881 Meus
246 2835 387 2875 venit?
447 2834 522 2872 Cn.
550 2831 658 2873 Dixi.
717 2831 803 2870 Mn.
838 2831 998 2879 Eamus
1019 2830 1095 2870 duc
1114 2843 1179 2870 me
1198 2829 1250 2870 ad
1269 2842 1372 2875 eum,
1393 2828 1565 2879 obsecro.
