1670 3080
124 102 147 149 1
159 99 188 146 6
736 114 955 146 ANDmA.

115 201 187 239 ΡΑ.
228 200 397 240 Dicam:
427 212 597 252 puerum
624 205 756 239 autem
778 212 830 239 ne
857 199 1043 239 resciscat
1060 198 1117 238 mi
1146 212 1229 238 esse
1260 212 1311 238 ex
1336 197 1417 247 illa,
1445 199 1579 240 cautio

277 273 360 307 est:

114 333 222 373 Nam
267 334 464 387 pollicitus
510 347 598 373 sum
643 339 930 386 suscepturum.
1026 334 1106 372 DA.
1160 334 1197 372 Ο
1229 332 1384 372 facinus
1420 333 1579 374 audax!

278 400 348 439 ΡΛ.
389 399 507 439 Hanc
527 399 647 439 fidem

114 465 195 505 Sibi
214 480 279 505 me
299 466 530 514 obsecravit,
552 466 620 518 qui
639 480 681 505 se
701 466 819 505 sciret
837 479 918 504 non
939 465 1138 504 desertum
1157 463 1217 513 iri,
1239 469 1285 504 ut
1302 464 1451 504 darem.

114 533 192 572 DA.
233 533 443 573 Curabitur
460 549 468 572 :
498 534 567 573 sed
585 539 696 586 pater
716 533 826 572 adest
842 547 850 571 :
882 546 990 579 cave,
1012 537 1051 571 te
1071 545 1153 571 esse
1173 531 1323 572 tristem
1342 532 1496 572 sentiat.

543 731 720 771 ACTUS
753 731 810 770 ΙΙ.
870 731 1052 771 SCENA
1083 731 1157 771 IV.

519 833 636 871 Sum.
696 832 852 872 DAvus.
912 832 1172 873 PAManLus.

113 934 167 971 S1.
209 933 355 972 Reviso
375 932 471 984 quid
489 937 622 984 agant,
643 936 712 970 aut
731 931 827 983 quid
846 936 1007 984 captent
1025 932 1175 972 consili.

112 1000 191 1038 DA.
234 1000 312 1039 Hic
332 1013 439 1038 nunc
459 1012 540 1038 non
561 999 725 1047 dubitat,
747 998 843 1051 quin
864 1004 901 1038 te
921 999 1133 1039 ducturum
1151 1013 1284 1054 neges.

112 1066 234 1105 Venit
252 1066 464 1106 meditatus
484 1065 666 1105 alicunde
687 1079 737 1104 ex
756 1065 839 1105 solo
857 1065 945 1105 loco
963 1080 971 1104 :

112 1134 344 1172 Orationem
365 1139 496 1186 sperat
514 1133 711 1173 invenisse
730 1147 783 1182 se,

111 1199 189 1243 Qui
210 1199 366 1238 differat
385 1205 422 1238 te
440 1213 448 1237 z
478 1199 592 1252 proin
613 1205 656 1238 tu
674 1199 736 1238 fac
757 1199 863 1252 apud
882 1205 920 1239 te
939 1206 984 1239 ut
1002 1200 1089 1240 sies.
1551 1204 1576 1242 5

111 1267 181 1305 ΡΑ.
216 1266 340 1306 Modo
359 1272 403 1306 ut
421 1266 580 1319 possim,
603 1266 728 1306 Dave.
801 1267 880 1306 DA.
913 1267 1039 1308 Crede
1058 1268 1223 1321 inquam
1238 1268 1439 1319 hoclmihi,
1459 1270 1577 1310 Pam-

271 1333 392 1386 phile,

111 1401 331 1453 Nunquam
349 1401 468 1441 hodie
488 1407 620 1441 tecum
641 1407 976 1442 commutaturum
995 1407 1149 1456 patrem

110 1467 246 1506 Unum
268 1481 350 1507 esse
371 1468 548 1516 verbum,
570 1468 602 1507 si
622 1474 659 1507 te
679 1468 785 1507 dices
805 1468 960 1508 ducere.

544 1670 723 1710 ACTUS
756 1671 814 1710 ΙΙ.
875 1671 1058 1713 SCENA
1090 1671 1140 1712 V.

384 1768 595 1806 vaum.
655 1769 771 1807 Smo.
830 1767 987 1807 DAvus.
1046 1769 1306 1810 Pmrmnus.

112 1867 185 1906 ΒΥ.
227 1868 360 1906 Herus
380 1882 456 1917 me,
478 1868 623 1907 relictis
641 1869 769 1916 rebus,
786 1868 903 1920 jussit
924 1867 1178 1920 Pamphilum

114 1934 246 1972 Hodie
266 1934 484 1982 observare,
505 1939 561 1982 ut,
583 1934 679 1985 quid
697 1938 832 1986 ageret
851 1934 899 1972 de
919 1934 1078 1986 nuptiis,

114 2001 263 2040 Scirem
283 2016 291 2039 z
322 2001 363 2040 id
382 2006 591 2053 propterea
609 2013 717 2039 nunc
735 2000 843 2039 hune
864 2000 1089 2039 venientem
1109 2015 1262 2054 sequor.

115 2066 254 2119 Ipsum
274 2066 372 2104 adeo
391 2070 535 2117 praesto
554 2064 669 2103 video
690 2077 780 2102 cum
802 2063 917 2102 Davo
934 2078 942 2102 :
968 2063 1048 2103 hoc
1068 2077 1198 2116 agam.

116 2134 172 2172 Sx.
212 2133 436 2184 Utrumque
470 2131 605 2170 adesse
637 2130 764 2170 video.
851 2130 930 2168 DA.
981 2130 1089 2170 Hem
1106 2132 1116 2170 ἱ
1146 2145 1269 2173 serva.
1356 2135 1413 2175 Sr.
1462 2137 1581 2178 Pam-

276 2199 395 2251 phile.
1553 2207 1578 2245 5

115 2267 196 2305 DA.
236 2265 359 2310 Quasi
379 2265 427 2304 de
447 2263 660 2317 improviso
679 2262 829 2315 respice
849 2263 899 2301 ad
920 2276 1023 2302 eum.
1110 2264 1182 2303 ΡΑ.
1221 2265 1350 2306 Ehem
1368 2274 1492 2321 pater.
1630 2276 1633 2278 ’

117 2334 197 2372 ΒΑ.
237 2332 375 2371 Probe.
462 2331 518 2370 S1.
559 2329 692 2369 Hodie
711 2343 876 2368 uxorem
896 2330 1028 2378 ducas,
1050 2336 1095 2369 ut
1113 2331 1207 2381 dixi,
1230 2333 1329 2373 volo.

117 2400 192 2438 ΒΥ.
232 2398 353 2436 Nunc
373 2402 518 2436 nostrae
537 2396 659 2434 timeo
677 2395 791 2447 parti,
814 2395 909 2446 quid
927 2395 992 2434 hic
1012 2397 1258 2449 respondeat.

117 2465 190 2503 ΡΑ,
231 2464 372 2515 Neque
391 2462 490 2510 istic,
511 2475 641 2514 neque
661 2460 755 2500 alibi
775 2460 846 2500 tibi
869 2461 943 2500 erit
963 2474 1131 2514 usquam
1153 2463 1195 2502 in
1218 2478 1282 2504 me
1304 2479 1427 2507 mora.
1504 2470 1580 2511 ΒΥ.

281 2528 389 2567 Hem
407 2528 415 2565 !

117 2596 198 2634 DA.
238 2593 460 2633 Obmutuit.
546 2593 620 2631 ΒΥ.
661 2591 768 2636 Quid
787 2591 915 2631 dixit?
1003 2592 1059 2631 St.
1091 2592 1206 2633 Facis
1224 2600 1269 2634 ut
1287 2601 1326 2635 te
1345 2597 1471 2648 decet,
1531 2603 1582 2641 10

118 2664 220 2701 Cum
239 2661 351 2709 istuc,
374 2659 480 2712 quod
497 2658 665 2712 postulo,
685 2657 855 2710 impetro
874 2671 966 2697 cum
984 2659 1124 2711 gratia.

118 2729 199 2767 DA.
239 2727 336 2766 Sum
356 2725 501 2765 verus?
584 2725 659 2763 ΒΥ.
700 2723 846 2772 Herus,
868 2729 1061 2776 quantum
1081 2725 1210 2775 audio,
1230 2741 1354 2769 uxore
1374 2731 1532 2773 excidit.

119 2795 176 2834 S1.
217 2794 237 2832 Ι
258 2806 366 2832 nunc
383 2793 465 2831 'iam
484 2790 588 2830 intro
604 2804 614 2834 :
644 2803 696 2828 ne
715 2788 757 2828 in
777 2802 900 2837 mora,
922 2802 1014 2828 cum
1034 2803 1133 2843 opus
1151 2791 1212 2841 sit,
1233 2793 1320 2834 sies.
