1670 3080
339 0 499 3 ******
502 0 1667 51 “”τ””-*--“”----”-”--ημῃῃιῃ

110 210 202 256 154
600 224 772 255 ALTER
808 223 1071 255 PROLOGUS

110 311 281 361 Sedabit,
304 311 336 350 si
356 310 429 350 erit
448 309 620 362 adjutrix
637 315 783 350 nostrae
803 309 1019 351 industriae.

107 377 208 416 Cum
228 377 402 429 primum
423 389 511 416 eam
530 389 647 428 agere
667 375 782 429 coepi,
799 376 980 429 pugilum
998 367 1136 428 gloria,
1517 374 1569 413 25

108 443 368 495 (Funambuli
389 443 528 482 eodem
548 442 711 482 accessit
730 441 989 495 exspectatio)

107 511 307 550 Comitum
327 515 557 558 conventus,
579 508 775 562 strepitus,
798 509 947 549 clamor
964 508 1178 549 mulierum

108 576 265 624 Fecere,
284 583 330 617 ut
349 581 441 614 ante
460 580 616 628 tempus
637 575 786 615 exirem
804 575 919 614 foras.

107 642 253 680 Vetere
273 641 314 679 in
335 654 439 680 nova
458 641 562 693 coepi
579 640 638 679 uti
658 640 955 688 consuetudine,

107 708 157 747 In
177 707 421 760 experiundo
439 712 485 746 ut
505 721 629 747 essem
647 711 663 745 ε’
686 707 813 746 refero
832 707 976 746 denuo.
1026 756 1027 764 ἵ
1520 707 1574 745 30

108 774 241 813 Primo
261 779 352 813 actu
369 773 530 826 placeo:
561 787 653 812 cum
671 773 823 812 interea
841 785 976 811 rumor
995 771 1116 820 venit,

107 842 258 881 Datum
276 841 324 880 iri
343 841 580 894 gladiatores
597 855 606 880 ι
636 840 805 893 populus
825 839 1008 879 convolat
1024 853 1032 878 :

105 907 425 955 Tumultuantur‚
447 907 632 955 clamant,
653 912 835 960 pugnant
854 905 902 944 de
922 905 1009 944 loco
1027 919 1035 943 ε

106 974 192 1026 Ego
211 974 363 1013 interea
381 987 515 1012 meum
535 987 615 1012 non
633 973 746 1026 potui
765 972 885 1011 tutari
903 971 1048 1011 locum.

106 1041 224 1080 Nunc
244 1041 359 1080 turba
376 1054 458 1080 non
478 1045 537 1079 est
553 1055 561 1079 :
592 1040 716 1079 otium
736 1045 775 1079 et
794 1039 995 1078 silentium
1015 1043 1074 1077 est
1091 1052 1099 1076 :
1513 1038 1564 1076 35

105 1108 264 1160 Agendi
283 1114 439 1161 tempus
457 1107 556 1147 mihi
575 1107 711 1146 datum
732 1113 790 1146 est
806 1121 815 1145 z
844 1107 955 1146 vobis
974 1106 1091 1146 datur

104 1175 283 1214 Potestas
303 1174 593 1214 condecorandi
611 1173 724 1213 ludos
743 1173 931 1212 scenicos.

105 1241 239 1280 Nolite
259 1241 398 1289 sinere,
420 1254 491 1293 per
509 1254 578 1279 vos
597 1245 723 1279 artem
742 1239 935 1278 musicam

103 1307 295 1347 Recidere
316 1307 367 1346 ad
385 1321 532 1360 paucos
549 1321 557 1345 ε
587 1306 716 1354 facite,
738 1311 783 1345 ut
801 1311 933 1345 vostra
952 1305 1164 1344 auctoritas

103 1373 211 1413 Meae
231 1372 453 1412 auctoritati
471 1372 619 1411 fautrix
638 1371 888 1424 adjutrixque
908 1371 970 1410 sit.
1513 1373 1567 1410 40

104 1440 145 1478 Si
164 1453 370 1492 nunquam
390 1453 505 1478 avare
526 1438 697 1492 pretium
717 1438 835 1477 statui
855 1437 929 1476 arti
948 1450 1060 1485 meae,
1446 1439 1453 1443 ”

103 1504 156 1543 Et
174 1519 265 1544 eum
285 1518 367 1544 esse
388 1509 584 1557 quaestum
604 1504 646 1542 in
666 1503 845 1542 animum
864 1502 1006 1543 induxi
1025 1516 1279 1550 maxumum,

103 1573 234 1616 Quam
252 1584 440 1611 maxume
460 1570 604 1611 servire
625 1570 766 1609 vostris
786 1569 1005 1609 commodis
1021 1584 1030 1618 3

102 1638 225 1679 Sinite
246 1638 457 1691 impetrare
476 1650 553 1685 me,
577 1636 645 1690 qui
663 1637 705 1675 in
725 1635 891 1675 tutelam
910 1649 1043 1675 meam
1418 1682 1422 1686 Α

102 1704 283 1743 Studium
303 1717 431 1752 suum,
447 1708 492 1742 ¹et
511 1716 552 1742 se
571 1703 614 1742 iu
634 1707 807 1742 vostram
827 1701 1026 1743 commisit
1043 1700 1179 1751 fidem,
1356 1702 1359 1704 ’
1510 1703 1563 1741 46

100 1770 164 1809 Ne
184 1783 276 1809 eum
297 1769 612 1809 circumventum
630 1768 765 1820 inique
785 1767 912 1821 iniqui
929 1767 1130 1806 irrideant.
1343 1785 1345 1787 ·

99 1837 198 1876 Mea
217 1850 336 1881 causa
355 1849 514 1875 causam
534 1835 712 1888 accipite,
734 1840 774 1874 et
793 1834 883 1874 date
903 1833 1130 1874 silentium:

101 1904 156 1942 Ut
172 1903 307 1942 lubeat
326 1902 494 1941 scribere
513 1901 621 1950 alias,
643 1901 820 1955 mihique
840 1906 886 1940 ut
904 1901 1055 1940 discere

102 1969 236 2008 Novas
256 1967 451 2022 expediat,
472 1967 637 2021 posthac
656 1967 783 2020 pretio
802 1972 927 2006 emtas
944 1980 1048 2007 meo.
