1670 3080
513 149 673 182 Ac'rns
711 148 778 180 lv,
849 148 1014 180 SCENA
1051 148 1105 180 11.
1474 133 1537 180 25

69 236 144 276 Cu.
177 235 344 276 Factum
364 240 424 275 est
441 234 530 284 hoc,
553 235 698 276 Dave?
755 235 835 274 DA.
858 234 1027 274 Factum
1047 240 1118 274 est.
1167 236 1242 275 Cn.
1267 235 1403 276 Hem!
1433 236 1541 282 Quid

230 303 288 344 ais
308 303 466 344 scelus?

68 370 125 408 At
144 369 215 409 tibi
235 369 290 409 Di
310 369 477 423 dignum
496 369 611 409 factis
631 369 799 408 exitium
819 368 946 408 duint.

68 435 167 485 Eho,
190 435 252 476 dic
271 435 382 484 mihi,
404 436 437 476 si
457 450 596 476 omnes
614 435 723 475 hunc
743 436 968 489 conjectum
988 435 1030 474 in
1049 436 1210 488 nuptias

67 502 228 542 Inimici
247 502 419 553 vellent;
452 503 570 556 quod,
591 503 635 542 ni
653 503 741 550 hoc,
764 502 976 542 consilium
993 502 1169 542 darent?
1244 523 1245 526 =
1489 505 1539 544 45

66 570 146 610 DA.
186 571 388 624 Deceptus
408 585 508 620 sum,
530 576 572 610 at
590 585 672 610 non
693 570 942 622 defetigatus.
1021 571 1095 609 Cn.
1128 570 1230 610 Scio.

65 637 146 677 DA.
186 638 278 678 Hac
298 652 378 678 non
399 639 599 686 successit,
631 638 709 677 alia
728 638 1007 691 aggrediemur
1025 638 1102 678 via.

66 705 154 745 Nisi
173 706 206 746 si
225 706 267 746 id
285 712 412 759 putas,
434 706 529 759 quia
546 706 675 759 primo
695 705 889 759 processit
906 719 1062 758 parum,

65 774 158 813 Non
178 788 292 828 posse
308 774 394 827 jam
415 774 467 814 ad
487 774 655 814 salutem
676 774 854 813 converti
873 773 949 813 hoc
969 773 1135 813 malum.

64 842 137 883 ΡΑ.
179 843 312 882 Immo
331 843 452 883 etiam
469 857 478 882 ε
508 857 603 882 nam
623 842 718 882 satis
738 842 868 891 credo,
891 842 923 881 si
943 842 1233 896 advigilaveris,
1488 845 1541 883 50

63 910 128 949 Ex
146 910 237 950 unis
255 910 436 963 geminas
456 910 556 949 mihi
575 909 762 949 conficies
781 910 954 963 nuptias.

63 977 143 1017 DA.
180 978 280 1031 Ego,
303 978 525 1032 Pamphile,
546 978 623 1017 hoe
645 978 717 1017 tibi
735 991 808 1031 pro
828 978 988 1017 servitio
1009 979 1147 1028 debeo,

62 1045 208 1084 Conari
227 1046 423 1094 manibus,
445 1045 624 1099 pedibus,
646 1051 862 1098 noctesque
885 1051 925 1084 et
944 1045 1040 1095 dies,

62 1114 213 1167 Capitis
231 1114 426 1167 periclum
447 1114 568 1162 adire,
591 1113 688 1152 dum
709 1113 859 1166 prosim
878 1114 951 1153 tibi
968 1129 977 1154 z

61 1180 256 1230 Tuum’st‚
279 1181 311 1220 si
331 1181 426 1234 quid
446 1186 592 1234 praeter
608 1194 720 1234 spem
742 1181 886 1230 evenit,
910 1181 966 1221 mi
985 1181 1202 1235 ignoscere.
1488 1184 1539 1224 55

62 1248 208 1288 Parum
230 1249 406 1288 succedit
425 1249 532 1302 quod
554 1263 630 1302 ago
649 1263 657 1288 :
689 1255 730 1288 at
748 1249 851 1288 facio
871 1249 1021 1289 sedulo.

63 1316 140 1356 Vel
159 1316 302 1357 melius
322 1323 406 1357 tute
425 1317 567 1371 reperi,
589 1331 655 1357 me
676 1317 842 1357 missum
862 1317 962 1357 face.

64 1384 137 1424 ΡΑ.
179 1384 328 1438 Cupio:
358 1385 520 1424 restitue
542 1399 662 1438 quem
682 1399 706 1424 a
724 1399 790 1424 me
810 1385 999 1438 accepisti
1018 1385 1164 1426 locum.

64 1451 144 1491 DA.
184 1451 358 1491 Faciam.
446 1452 518 1491 ΡΑ.
559 1452 618 1490 At
642 1451 729 1503 jam
762 1451 840 1490 hoc
870 1466 968 1504 opus
990 1458 1061 1492 est.
1148 1453 1230 1492 DA.
1282 1452 1393 1493 Hem
1410 1454 1419 1492 !
1468 1453 1539 1493 sed

66 1519 71 1524 ’
225 1533 343 1558 mane
360 1534 370 1568 ;
401 1519 633 1576 concrepuit
653 1533 676 1558 a
698 1519 885 1572 Glycerio
905 1519 1063 1560 ostium.

64 1587 135 1627 ΡΑ.
169 1586 285 1626 Nihil
305 1587 356 1627 ad
375 1593 426 1626 te.
515 1587 594 1626 DA.
635 1587 795 1631 Quaero.
875 1587 946 1626 ΡΑ.
983 1587 1094 1627 Hem
1112 1588 1121 1627 !
1162 1601 1327 1629 mmcne
1346 1589 1540 1630 demum?

228 1655 307 1694 DA.
344 1655 401 1694 At
414 1654 500 1708 jam
520 1654 596 1693 hoc
617 1654 688 1693 tibi
708 1654 918 1694 inventum
939 1654 1053 1694 dabo.
1484 1660 1540 1697 60

492 1855 670 1896 ACTUS
702 1857 776 1895 IV.
837 1856 1019 1896 SCENA
1050 1857 1110 1896 ΙΙ.

309 1959 459 1999 Mrsm.
520 1959 783 1998 PAmmLus.
844 1959 1079 1998 CflAnmus.
1138 1960 1297 2000 DAths.

61 2062 151 2103 ΜΥ.
179 2062 204 2102 J
208 2076 285 2110 am,
299 2061 369 2101 ubi
387 2061 458 2100 ubi
478 2060 562 2109 erit,
585 2060 796 2101 inventum
816 2061 889 2101 tibi
909 2063 1069 2112 curabo,
1084 2069 1124 2102 et
1143 2078 1302 2105 mecum
1317 2065 1539 2106 adductum

63 2130 195 2170 Tuum
215 2128 472 2183 Pamphilum
490 2143 498 2168 :
530 2134 574 2167 tu
591 2128 724 2177 mod0‚
748 2128 881 2168 anime
900 2129 969 2179 mi,
992 2130 1074 2169 noli
1089 2136 1128 2170 te
1148 2145 1363 2172 macerare.

63 2197 136 2237 ΡΑ.
176 2196 316 2250 Mysis.
403 2196 492 2236 Mv.
532 2196 632 2241 Quis
652 2197 738 2236 est?
766 2196 888 2236 hem!
948 2197 1171 2252 Pamphile,
1194 2206 1357 2253 optume
1376 2205 1415 2240 te
1435 2200 1539 2244 mihi

226 2264 353 2304 offers.
440 2265 513 2303 ΡΑ.
550 2264 659 2309 Quid
678 2265 767 2303 est?

65 2333 152 2373 Mv.
193 2335 316 2374 Orare
331 2332 460 2386 jussit,
476 2333 508 2373 si
529 2347 570 2372 se
590 2347 711 2381 ames,
734 2332 842 2382 hera,
859 2333 950 2386 jam
967 2340 1011 2374 ut
1030 2335 1081 2374 ad
1103 2349 1187 2375 sese
1209 2337 1345 2377 venias
1362 2351 1370 2377 ε

65 2400 211 2440 Videre
232 2400 287 2439 ait
306 2406 344 2439 te
366 2413 522 2452 cupere.
582 2400 655 2439 ΡΑ.
678 2399 795 2439 Vah!
825 2401 948 2453 perii:
978 2401 1054 2441 hoc
1074 2402 1226 2442 malum
1246 2404 1488 2457 integrascit.
1510 2407 1533 2444 5

66 2466 218 2506 Siccine
232 2480 297 2505 me
313 2471 431 2518 atque
451 2465 562 2505 illam
583 2479 703 2518 opera
721 2471 790 2505 tua
808 2480 916 2507 nune
937 2468 1101 2508 miseros
1122 2468 1383 2510 solicitarier?

67 2534 175 2575 Nam
193 2534 342 2574 idcirco
363 2547 550 2582 arcessor,
573 2534 734 2586 nuptias
755 2534 863 2586 quod
881 2535 938 2574 mi
958 2536 1142 2589 apparari
1162 2538 1298 2577 sensit.

67 2602 142 2641 Cu.
182 2601 336 2646 Quibus
351 2601 513 2654 quidem
533 2615 654 2654 quam
670 2601 786 2640 facile
806 2608 991 2654 potuerat
1011 2603 1171 2655 quiesci,
1193 2604 1226 2643 si
1245 2604 1311 2645 hic
1332 2605 1516 2659 quiesset.

68 2669 145 2710 DA.
170 2669 271 2722 Age,
294 2669 324 2708 si
345 2668 411 2708 hic
430 2682 512 2708 non
533 2669 681 2708 insanit
700 2669 794 2708 satis
815 2683 885 2709 sua
905 2676 1057 2722 sponte,
1079 2671 1239 2725 instiga.
1289 2673 1377 2712 MY.
1400 2674 1536 2727 Atque

228 2736 301 2775 ede
331 2735 371 2775 ol

70 2802 130 2843 Ea
164 2816 227 2842 res
261 2750 344 2842 θεῖε
393 2808 681 2857 proptereaque
719 2818 827 2843 nunc
860 2804 1006 2843 misera
1033 2804 1075 2843 in
1105 2819 1274 2844 moerore
1304 2810 1374 2846 est.
1402 2825 1407 2829 ·
1463 2805 1536 2846 ΡΑ.

233 2869 373 2924 Mysis,
1489 2877 1537 2912 10

795 2953 816 2978 C
