1670 3080
125 121 221 169 206
738 141 978 174 ruoRMIo.

125 222 286 262 Nullam
306 222 404 262 mihi
424 224 571 273 malim,
593 238 711 276 quam
730 226 866 273 istanc,
888 240 1052 265 uxorem
1071 227 1167 266 dari.

122 288 202 326 AN.
241 288 383 326 Utrum
404 288 566 328 stultitia
583 289 711 329 facere
731 304 804 342 ego
823 291 928 330 hunc
948 305 998 330 an
1017 291 1169 331 malitia

120 354 275 403 Dicam,
297 355 485 394 scientem
504 369 555 394 an
575 356 877 408 imprudentem,
898 357 1070 397 incertus
1089 371 1189 398 sum.
1513 363 1564 401 55

120 421 198 460 DE.
238 422 353 470 Quid,
375 422 407 460 si
427 423 600 461 animam
620 423 765 462 debet?
849 425 925 463 Gn.
964 425 1075 477 Ager
1093 425 1342 478 oppositus'st
1359 426 1514 480 pignori

120 487 183 525 Ob
203 487 338 526 decem
359 501 472 526 mnas
491 488 629 540 inquit.
714 489 792 528 Dr„
832 491 933 542 Age,
955 504 1040 543 age,
1057 491 1142 543 jam
1162 491 1298 531 ducat:
1327 493 1440 532 dabo.
1453 502 1481 545 ὲ(
1497 514 1535 547 ἦ,

121 554 197 591 GE.
238 553 430 593 AEdiculae
449 554 544 593 item
565 560 657 593 sunt
675 555 724 594 ob
744 556 880 595 decem
900 557 1007 596 alias.
1092 558 1169 597 DE.
1211 558 1319 598 OieI!

119 618 360 658 Nimium'st.
445 620 519 659 Cn.
559 621 621 659 Ne
642 621 769 660 clama
786 637 794 660 ε
823 623 945 674 petito
964 623 1095 662 illasee
1115 638 1139 663 a
1157 638 1221 664 me
1241 625 1390 669 decem.

120 686 198 725 Gr„
236 686 359 725 Uxori
379 687 550 726 emunda
568 687 783 726 ancilla’st:
814 695 897 728 tum
917 696 1047 729 autem
1066 690 1244 742 pluscula
1511 697 1563 732 60

119 750 365 803 Supellectile
385 765 481 804 opus
501 758 580 791 est:
611 766 708 805 opus
728 759 786 792 est
804 760 936 793 sumtu
955 756 1004 794 ad
1024 757 1180 809 nuptias
1194 787 1203 796 .

118 817 194 856 His
211 818 326 857 rebus
346 818 441 857 alias
460 832 562 871 pone
581 832 687 868 sane,
709 820 848 872 inquit,
871 821 1021 860 decem.

115 882 194 922 Dm.
234 885 445 923 Sexcentas
463 885 626 937 proinde
647 886 802 925 scribito
816 886 901 938 jam
921 887 1019 926 mihi
1038 888 1144 928 dicas
1160 903 1168 927 :

116 949 184 988 Nil
203 950 253 989 do
270 964 279 988 ε
309 951 526 1004 impuratus
545 966 608 991 me
628 952 692 991 ille
711 959 756 991 ut
775 954 893 992 etiam
913 954 1097 994 irrideat!

115 1015 189 1054 Cn.
228 1016 384 1065 Quaeso,
406 1030 479 1069 ego
499 1017 610 1065 dabo,
633 1019 813 1069 quiesce:
845 1025 887 1058 tu
906 1020 1024 1059 modo
1042 1020 1146 1060 filius
1509 1025 1559 1062 65

114 1081 146 1119 F
147 1095 193 1121 ac
211 1087 256 1120 ut
273 1082 381 1121 illam
402 1083 529 1132 ducat,
551 1098 621 1123 nos
640 1098 759 1137 quam
779 1085 971 1125 volumus.
1031 1089 1109 1127 AN.
1151 1088 1230 1128 Hei
1247 1088 1370 1128 mihi!

114 1148 228 1196 Geta,
250 1149 425 1188 occidisti
443 1163 506 1189 me
526 1150 601 1189 tuis
618 1150 793 1190 fallaciis.

113 1214 187 1252 Cn.
224 1214 319 1253 Mea
338 1229 454 1254 causa
474 1216 626 1268 ejicitur
642 1230 650 1255 :
681 1231 745 1255 me
764 1217 838 1256 hoc
860 1223 917 1256 est
936 1232 1092 1271 aequom
1111 1220 1302 1260 amittere.

113 1280 189 1319 Gn.
229 1282 431 1324 Quantum
450 1288 578 1334 potest
597 1297 660 1321 me
681 1284 899 1332 certiorem,
920 1284 1060 1337 inquit,
1079 1285 1190 1324 face:

111 1346 152 1384 Si
171 1345 279 1385 illam
299 1347 405 1396 dant,
426 1348 529 1387 hanc
547 1354 591 1387 ut
609 1348 786 1388 mittam:
816 1363 867 1388 ne
886 1350 1058 1390 incertus
1078 1351 1175 1390 siem
1192 1366 1200 1390 :
1508 1358 1557 1395 70

110 1411 215 1451 Nam
235 1413 291 1451 illi
310 1414 408 1452 mihi
427 1415 558 1453 dotem
572 1415 657 1466 jam
677 1415 964 1455 constituerunt
982 1416 1087 1455 dare.

109 1478 184 1516 Cn.
224 1479 249 1518 J
252 1493 316 1518 am
335 1480 502 1533 accipiat
518 1495 527 1519 :
557 1481 634 1519 illis
652 1482 860 1533 repudium
878 1483 1099 1521 renuntiet:

109 1544 227 1584 Hanc
247 1545 376 1585 ducat.
460 1547 539 1586 Dn.
579 1549 679 1592 Quae
701 1548 860 1599 quidem
879 1547 935 1586 illi
954 1561 1016 1587 res
1034 1554 1162 1588 vortat
1180 1550 1295 1590 male.

108 1611 181 1649 CH.
222 1611 451 1663 Opportune
473 1612 570 1651 adeo
590 1618 798 1664 argentum
816 1625 922 1651 nunc
941 1626 1099 1652 mecum
1118 1614 1242 1672 attuli,

107 1677 306 1725 Fructum,
328 1691 445 1730 quem
467 1678 610 1717 Lemni
627 1679 759 1717 uxoris
777 1679 948 1718 reddunt
965 1679 1136 1732 praedia:
1503 1686 1551 1724 75

107 1742 207 1783 Inde
228 1757 381 1783 smnam
398 1759 406 1783 :
436 1745 561 1793 uxori,
583 1745 653 1784 tibi
673 1759 770 1798 opus
790 1758 884 1793 esse,
906 1745 1054 1784 dixero.

507 1942 681 1981 ACTUS
713 1943 786 1981 IV.
845 1943 1024 1996 SCENA
1054 1944 1127 1983 IV.

624 2043 833 2082 Anrn’no.
893 2045 1023 2084 Gan.

104 2145 184 2183 ΑΝ.
226 2144 341 2183 Geta.
437 2143 513 2182 Gn.
553 2143 661 2181 Hem
678 2143 687 2182 !
773 2145 852 2184 AN.
893 2146 1000 2190 Quid
1025 2147 1168 2200 egisti?
1262 2152 1338 2190 GE.
1379 2152 1552 2194 Emunxi

263 2214 427 2262 argento
446 2222 569 2248 senes.

103 2278 183 2315 ΑΝ.
225 2275 348 2314 Satin’
369 2281 427 2314 est
445 2275 514 2313 id?
597 2275 674 2314 GE.
713 2275 858 2315 Nescio
877 2276 1020 2325 hercle,
1041 2283 1197 2320 tantum
1210 2282 1343 2334 jussus
1361 2297 1459 2324 sum.

103 2343 183 2380 An.
223 2341 310 2380 Eho
328 2341 336 2379 !
367 2341 541 2388 verbero,
565 2340 673 2379 aliud
691 2340 790 2380 mihi
810 2343 1023 2394 respondes
1043 2358 1088 2385 ac
1107 2348 1233 2399 rogo?

103 2408 179 2447 Gn.
220 2407 325 2451 Quid
343 2420 437 2459 ergo
455 2407 622 2445 narras?
706 2407 786 2447 ΑΝ.
827 2409 935 2453 Quid
954 2423 1028 2462 ego
1047 2415 1235 2453 narrem?
1262 2429 1381 2468 opera
1399 2422 1466 2456 tua

102 2473 169 2512 Ad
187 2473 321 2512 restim
341 2473 397 2511 mi
416 2472 575 2524 quidem
593 2485 654 2511 res
672 2472 774 2511 redit
790 2473 1044 2525 planissume.
1527 2486 1551 2524 5

102 2536 157 2575 Ut
175 2542 213 2575 te
233 2536 391 2588 quidem
412 2549 559 2584 omnes,
582 2536 636 2574 Di
655 2537 766 2585 Deae,
788 2539 930 2590 superi,
950 2539 1078 2590 inferi,

103 2602 222 2641 Malis
241 2601 432 2654 exemplis
450 2602 637 2654 perdant!
668 2602 785 2642 hem!
818 2604 849 2644 si
869 2605 965 2657 quid
983 2606 1092 2656 velis,

103 2667 211 2706 Huic
229 2666 404 2715 mandes,
426 2667 494 2719 qui
513 2672 551 2706 te
571 2667 622 2705 ad
640 2667 845 2719 scopulum
866 2683 887 2708 e
906 2671 1117 2724 tranquillo
1135 2674 1297 2715 auferat.

103 2732 210 2777 Quid
227 2732 358 2772 minus
376 2731 512 2771 utibile
532 2731 617 2783 fuit,
639 2745 758 2784 quam
777 2733 850 2773 hoc
869 2734 982 2775 uleus
1000 2742 1163 2790 tangere
1182 2747 1194 2757 *

104 2799 189 2837 Aut
206 2796 412 2837 nominare
430 2797 625 2836 uxorem?
652 2797 798 2851 injecta¹
816 2804 875 2838 est
893 2813 981 2852 spes
997 2802 1102 2854 patri
1504 2807 1554 2846 10
