1670 3080
459 138 618 171 Aeros
655 138 722 172 1v.
792 137 957 170 SCENA
991 137 1028 168 1.
1441 123 1504 172 99

43 226 108 265 80.
148 224 289 273 Ehem,
321 224 378 263 mi
410 223 481 263 vir.
567 223 642 262 Cn,
683 222 824 271 Ehem,
859 236 951 262 mea
983 235 1096 261 uxor.
1182 223 1248 262 So.
1289 223 1347 263 Te
1377 223 1508 277 ipsum

205 304 352 344 quaero.
438 290 514 329 Cn.
555 290 748 342 Loquere,
770 289 866 342 quid
884 288 994 327 velis.

43 359 110 399 So.
150 357 330 398 Primum
357 355 433 396 hoc
462 361 500 395 te
529 368 609 404 oro,
639 369 690 395 ne
720 355 816 407 quid
838 355 975 394 credas
1000 368 1065 394 me
1094 355 1305 395 adversum
1332 356 1509 396 edictum

206 429 322 463 tuum
1458 425 1508 463 10

40 491 188 531 Facere
217 504 301 530 esse
324 502 474 529 ausam.
562 488 637 528 Cn.
679 487 773 527 Vin’
799 501 864 527 me
890 487 991 527 istuc
1020 487 1102 538 tibi,
1134 488 1206 528 etsi
1230 487 1521 535 incredibile'st,

209 557 367 597 credere
381 556 398 595 ’ἒ

40 624 180 663 Credo.
266 623 332 662 SY.
364 621 510 661 Nescio
530 620 626 674 quid
645 620 798 674 peccati
816 625 947 673 portat
964 619 1052 660 haec
1071 621 1267 674 purgatio.

43 690 110 729 S'o.
152 688 417 729 Meministin'
436 701 500 726 me
520 687 738 740 gravidam,
760 692 801 726 et
818 686 916 726 mihi
936 693 974 726 te
993 701 1184 726 maxumo
1203 701 1322 741 opere
1342 688 1508 738 edicere,

39 755 82 795 Si
99 755 274 808 puellam
292 768 485 809 parerem,
505 753 611 793 nolle
630 752 741 792 tolli?
824 753 900 792 Cn.
941 753 1030 792 Scio
1048 753 1145 807 quid.
1162 753 1326 794 feceris:

45 822 256 862 Sustulisti.
342 823 409 861 Sr.
450 821 491 860 Si
524 821 578 860 sic
608 826 668 860 est
694 820 856 869 factum,
888 820 1061 869 domina,
1090 834 1186 873 ergo
1217 820 1336 861 herus
1362 821 1509 861 damno

206 894 346 928 auctus
365 893 435 927 est.
1459 891 1508 928 15

40 956 105 995 So.
145 955 315 996 Minime
331 970 340 995 :
371 955 441 994 sed
459 960 544 994 erat
560 953 626 994 hic
646 953 851 993 Corinthia
869 967 968 994 anus
986 954 1094 994 haud
1112 955 1270 1008 impura
1287 969 1295 994 τ
1327 955 1363 994 ei
1383 956 1475 996 dedi

45 1023 348 1076 Exponendam.
426 1022 501 1061 Cu.
542 1022 578 1061 Ο
599 1021 768 1074 Jupiter,
790 1026 944 1060 tantam
964 1035 1047 1061 esse
1067 1022 1109 1061 in
1129 1023 1264 1062 animo
1282 1022 1511 1062 inscitiam?

42 1089 109 1129 So.
149 1088 277 1129 Perii:
308 1087 404 1141 quid
423 1101 497 1140 ego
516 1088 620 1127 feci?
705 1088 780 1127 Cn.
821 1088 878 1127 At
897 1088 1073 1140 rogitas?
1157 1089 1221 1128 So.
1263 1089 1304 1128 Si
1331 1089 1495 1142 peccavi

207 1154 264 1194 mi
285 1153 467 1197 Chreme,

43 1221 224 1262 Insciens
242 1221 330 1261 feci.
417 1221 492 1260 Cn.
533 1219 583 1260 Id
602 1220 763 1273 quidem
783 1234 870 1273 eg0,
892 1221 925 1260 si
945 1225 988 1260 tu
1006 1234 1140 1273 neges,
1163 1226 1270 1261 certo
1289 1222 1381 1271 scic,

43 1289 102 1328 Te
121 1288 358 1328 inscientem
377 1293 495 1340 atque
514 1287 809 1340 imprudentem
829 1287 959 1326 dicere
980 1300 1026 1327 ac
1044 1287 1174 1327 facere
1194 1289 1328 1328 omnia
1344 1303 1353 1337 ;
1457 1291 1509 1328 20

42 1354 119 1393 Tot
136 1359 301 1407 peccata
319 1353 360 1393 in
379 1353 455 1393 hac
473 1367 516 1392 re
536 1353 707 1392 ostendis
724 1368 733 1392 t
764 1367 859 1392 nam
873 1353 960 1405 jam
978 1354 1164 1406 primum,
1187 1355 1220 1394 si
1238 1369 1374 1395 meum

42 1419 262 1473 Imperium
281 1419 444 1472 exsequi
462 1418 661 1467 voluisses,
682 1419 937 1459 interemtam
957 1420 1129 1472 oportuit
1145 1435 1154 1460 ε

42 1486 138 1526 Non
159 1485 344 1525 simulare
364 1490 534 1524 mortem
553 1484 694 1531 verbis,
716 1498 757 1523 re
777 1484 863 1536 ipsa
882 1498 994 1538 spem
1013 1485 1106 1525 vitae
1126 1485 1232 1525 dare.

42 1552 101 1591 At
118 1551 160 1591 id
179 1550 318 1591 omitto
335 1565 344 1589 z
374 1549 652 1598 misericordia,
674 1549 831 1589 animus
851 1556 1054 1589 maternus
1071 1565 1080 1589 :
1111 1551 1209 1590 sino.

41 1619 174 1663 Quam
192 1618 294 1657 bene
315 1631 409 1656 vero
428 1616 500 1656 abs
520 1622 558 1655 te
578 1622 831 1669 prospectum
851 1617 934 1656 est!
956 1617 1052 1670 quid
1071 1618 1258 1658 voluisti?
1278 1620 1408 1673 cogita
1424 1635 1432 1659 ε
1456 1622 1506 1660 25

42 1686 198 1739 Nempe
218 1684 276 1724 illi
295 1684 389 1723 anui
408 1683 563 1737 prodita
581 1683 650 1722 abs
670 1688 708 1722 te
728 1682 813 1722 filia
833 1689 892 1722 est
909 1683 1165 1736 planissume,

43 1753 120 1792 Per
139 1758 177 1791 te
197 1750 262 1790 vel
279 1750 338 1790 uti
358 1755 554 1802 quaestum
573 1749 733 1797 faceret,
754 1748 820 1787 vel
838 1749 897 1788 uti
917 1749 1070 1788 veniret
1087 1750 1233 1802 palam.

43 1819 182 1867 Credo,
203 1818 246 1857 id
265 1817 469 1870 cogitasti:
502 1815 670 1861 Quidvis
690 1815 782 1855 satis
803 1821 872 1863 est,
893 1816 989 1855 dum
1008 1817 1116 1856 vivat
1135 1818 1264 1857 modo.

42 1885 150 1932 Quid
170 1899 262 1925 cum
281 1884 406 1924 illisce
426 1897 532 1937 agas,
554 1883 622 1936 qui
643 1896 771 1935 neque
791 1882 870 1935 jus,
891 1895 1022 1935 neque
1042 1883 1192 1924 bonum
1212 1889 1330 1936 atque
1349 1898 1508 1938 aequom

204 1952 336 1992 sciunt
350 1952 366 1991 ’ἰ

44 2018 202 2067 Melius,
223 2017 361 2071 pejus3
391 2015 525 2070 prosit,
547 2015 668 2064 obsim
699 2014 758 2054 nil
776 2015 924 2064 vident,
946 2015 1022 2055 nisi
1042 2016 1148 2068 quod
1165 2015 1303 2056 lubet?
1458 2019 1510 2057 30

47 2086 113 2126 So.
154 2085 217 2125 Mi
237 2085 418 2133 Chreme,
438 2082 613 2137 peccavi,
634 2083 784 2121 fateor:
814 2082 978 2121 vincor:
1008 2095 1114 2122 nunc
1134 2082 1209 2123 hoc
1230 2089 1268 2123 te
1288 2083 1472 2132 obsecr03

45 2152 216 2198 Quand'o
235 2157 325 2191 tuus
345 2157 404 2191 est
422 2150 589 2198 animus,
611 2155 708 2189 natu
725 2149 895 2202 gravior,
917 2149 1196 2202 ignoscentior‚

45 2219 102 2259 Ut
119 2232 221 2259 meae
241 2218 416 2258 stultitiae
429 2216 585 2270 justitia
604 2222 672 2255 tua
691 2216 741 2254 sit
760 2215 912 2268 aliquid
929 2217 1100 2269 praesidi.
1124 2239 1138 2244 -

47 2287 123 2326 Cu.
163 2286 320 2326 Scilicet
339 2284 522 2337 equidem
541 2284 641 2322 istuc
661 2283 812 2322 factum
831 2283 1038 2336 ignoscam
1057 2298 1066 2322 .·
1097 2296 1247 2333 verum,
1271 2284 1456 2333 Sostrata,

48 2353 158 2394 Male
177 2353 293 2393 docet
311 2358 349 2392 te
370 2365 459 2391 mea
478 2350 645 2390 facilitas
665 2349 792 2388 multa
808 2363 816 2388 :
848 2349 918 2388 sed
935 2349 1036 2388 istuc
1056 2349 1245 2402 quicquid
1264 2357 1334 2398 est,
1416 2376 1418 2378 v
1459 2352 1511 2389 35

48 2421 138 2466 Qua
153 2419 228 2459 hoc
248 2417 507 2471 occeptum'st
526 2430 656 2464 causa,
683 2416 880 2469 eloquere.
967 2415 1032 2455 80.
1072 2415 1128 2454 Ut
1147 2415 1277 2455 stultae
1298 2421 1338 2455 et
1357 2415 1512 2455 miserae

212 2500 350 2526 omnes
370 2498 505 2524 sumus

51 2551 262 2605 Religiosae
279 2566 288 2601 ;
320 2565 413 2591 cum
433 2549 712 2603 exponendam
733 2548 783 2588 do
802 2547 872 2597 illi,
894 2547 943 2587 de
963 2547 1086 2600 digito
1106 2546 1300 2587 annulum

52 2618 228 2660 Detraho
244 2632 253 2657 t
284 2623 325 2658 et
343 2631 436 2656 eum
455 2616 542 2656 dico
561 2621 606 2655 ut
622 2629 705 2655 una
724 2628 816 2654 cum
835 2614 968 2668 puella
987 2620 1224 2668 exponeret;

53 2685 96 2725 Si
113 2689 339 2733 moreretur,
359 2697 411 2724 ne
431 2696 575 2739 expers
593 2682 716 2736 partis
736 2687 840 2721 esset
858 2681 906 2722 de
926 2681 1069 2720 nostris
1087 2682 1215 2721 bonis.

56 2749 129 2790 Cu.
170 2750 276 2790 istuc
306 2754 412 2788 recte
430 2763 439 2787 ε
470 2747 712 2788 conservasti
744 2752 783 2786 te
818 2752 936 2800 atque
970 2746 1092 2787 illam.
1179 2748 1244 2788 So.
1281 2746 1360 2787 Hic
1395 2747 1427 2786 is
1461 2752 1518 2785 est

220 2815 404 2855 annulus.
1467 2814 1520 2852 40

772 2891 792 2917 F
811 2880 836 2917 2
