1670 3080
523 119 683 150 ACTUS
719 117 753 148 1.
825 115 989 147 scENA
1024 116 1080 147 11.
1472 99 1534 146 43

72 206 136 250 Ex
155 209 292 250 Attica
309 208 403 248 hinc
422 209 639 261 abreptam.
712 208 788 247 Pu.
824 206 1044 246 Civemne'?
1127 205 1206 244 ΤΗ.
1245 204 1428 245 Arbitror
1444 220 1452 244 z
1484 208 1536 245 30

73 277 234 317 Certum
252 289 334 316 non
353 276 521 316 scimus:
551 275 688 315 matris
707 288 854 314 nomen
875 279 915 313 et
931 273 1054 327 patris

72 343 243 383 Dicebat
260 343 370 397 ipsa:
398 343 569 396 patriam
590 348 629 382 et
647 342 762 394 signa
780 346 912 380 cetera

69 410 212 464 Neque
233 410 368 459 scibat,
390 423 519 463 neque
537 423 608 463 per
627 414 788 449 aetatem
808 408 929 448 etiam
948 407 1051 461 potis
1071 412 1166 447 erat.

72 475 273 516 Mercator
290 476 366 516 hoc
386 476 556 516 addebat
572 490 580 514 :
611 490 632 515 e
651 475 916 528 praedonibus,

74 541 192 583 Unde
212 549 373 592 emerat,
395 557 436 582 se
455 543 610 583 audisse
630 544 835 596 abreptam
854 557 876 583 e
897 543 1032 583 Sunio.
1488 546 1539 583 35

72 609 206 650 Mater
223 609 293 649 ubi
312 610 475 662 accepit,
498 609 620 662 coepit
637 609 811 649 studiose
831 609 967 649 omnia

70 676 237 725 Docere,
259 677 437 726 educere,
458 677 514 716 ita
531 677 591 716 uti
611 676 643 715 si
663 682 765 716 esset
783 676 878 716 filia.

72 744 255 784 Sororem
273 743 451 797 plerique
471 757 554 783 esse
574 743 789 783 credebant
806 758 950 784 meam.

72 811 160 864 Ego
179 826 271 851 cum
289 812 371 861 illo,
395 812 558 865 quicum
580 818 664 851 tum
683 825 764 851 uno
783 826 870 851 rem
888 811 1098 860 habebam,
1119 811 1287 865 hospite,

72 876 169 919 Abii
186 879 265 919 huc
283 894 292 919 ε
325 880 393 933 qui
411 880 511 919 mihi
530 879 690 932 reliquit
707 879 807 929 haec,
829 893 920 933 quae
938 879 1079 928 habeo,
1101 879 1247 919 omnia.
1490 883 1542 919 40

67 945 145 985 ‘PA.
168 946 392 999 Utrumque
410 945 486 985 hoc
505 945 721 986 falsum'st:
752 946 898 985 effluet.
955 945 990 986 T
993 959 1034 985 H.
1057 945 1138 990 Qui
1155 946 1287 985 istuc?
1345 945 1417 985 ΡΑ.
1439 946 1545 991 Quia

72 1012 214 1067 Neque
234 1018 280 1052 tu
297 1025 379 1052 uno
399 1026 485 1052 eras
504 1017 703 1061 contenta,
725 1025 855 1065 neque
875 1011 980 1051 solus
999 1011 1109 1051 dedit
1125 1026 1134 1051 :

70 1079 180 1119 Nam
198 1078 264 1119 hic
285 1092 442 1133 quoque
461 1080 610 1119 bonam
628 1093 897 1133 magnamque
917 1085 1073 1133 partem
1093 1080 1145 1120 ad
1166 1085 1205 1120 te
1225 1079 1371 1120 attulit.

73 1148 151 1188 Tu.
194 1147 330 1187 Ita’st:
361 1147 431 1186 sed
451 1147 535 1186 sine
555 1160 621 1186 me
640 1146 859 1200 pervenire,
881 1160 960 1199 quo
978 1146 1080 1186 volo.

75 1215 235 1256 Interea
252 1214 378 1264 miles,
401 1214 469 1268 qui
486 1228 552 1254 me
572 1228 706 1254 amare
726 1219 945 1268 occeperat,
1492 1215 1543 1256 45

75 1283 126 1323 In
147 1283 305 1323 Cariam
324 1288 384 1322 est
402 1282 602 1336 profectus
618 1296 626 1321 :
657 1287 695 1321 te
715 1282 868 1321 interea
885 1281 963 1321 loci

74 1349 274 1403 Cognovi:
305 1354 389 1389 tute
408 1348 483 1388 seis
502 1348 659 1402 postilla
678 1361 799 1401 quam
818 1348 1017 1387 intumum

75 1416 260 1457 Habeam
278 1422 318 1456 te
335 1431 344 1456 :
375 1422 416 1455 et
433 1429 525 1455 mea
544 1415 710 1455 consilia
727 1421 774 1455 ut
792 1415 864 1455 tibi
884 1415 1044 1455 credam
1065 1415 1212 1455 omnia.

76 1485 152 1524 Pu.
193 1484 336 1538 Neque
354 1483 430 1523 hoc
450 1483 596 1526 tacebit
615 1483 824 1522 Parmeno.
910 1483 983 1522 ΡΑ.
1024 1482 1101 1531 Oh,
1122 1482 1342 1524 dubiumne
1361 1482 1403 1522 id
1423 1483 1510 1522 est?

74 1551 152 1591 ΤΗ.
194 1552 286 1591 Hoc
305 1551 423 1604 agite,
444 1551 587 1590 amabo
604 1563 613 1588 :
643 1555 772 1589 mater
790 1562 882 1589 mea
898 1548 979 1589 illie
999 1549 1207 1590 mortua’st
1494 1551 1547 1588 50

76 1617 217 1671 Nuper
233 1631 242 1656 t
273 1616 356 1670 ejus
375 1617 498 1656 frater
516 1616 764 1668 aliquantum
783 1615 835 1655 ad
853 1629 938 1655 rem
959 1620 1019 1655 est
1037 1615 1201 1656 avidior.

78 1684 130 1733 Is,
151 1684 221 1724 ubi
239 1683 343 1724 hanc
362 1684 492 1723 forma
510 1683 618 1723 videt
635 1682 804 1722 honesta
823 1682 1021 1734 virginem

75 1751 132 1791 Et
146 1751 290 1792 fidibus
309 1751 420 1799 scire,
442 1751 614 1804 pretium
635 1764 796 1803 sperans
815 1750 921 1790 illico

76 1819 289 1858 Producit:
319 1818 482 1859 vendit:
511 1819 614 1858 forte
632 1818 792 1857 fortuna
810 1817 924 1858 affiiit

77 1885 158 1925 Hic
177 1899 289 1926 meus
308 1885 485 1927 amicus:
517 1885 614 1925 emit
632 1898 722 1925 eam
741 1885 845 1924 dono
864 1884 975 1933 mihi,
1496 1886 1546 1923 55

79 1953 318 2007 Imprudens
336 1953 479 1993 harum
498 1966 631 1992 rerum
650 1952 891 2005 ignarusque
911 1951 1103 1991 omnium.

64 2021 120 2060 ⁷Is
140 2020 274 2060 venit:
303 2025 514 2074 postquam
533 2019 657 2058 sensit
673 2033 738 2058 me
758 2023 890 2058 tecum
911 2031 1068 2072 quoque

80 2087 184 2126 Rem
202 2086 359 2135 habere,
380 2086 498 2139 fingit
516 2099 666 2134 causas,
687 2098 738 2124 ne
758 2085 836 2134 det,
858 2084 995 2125 sedulo
1013 2099 1022 2124 :

78 2153 161 2202 Ait,
183 2153 216 2194 si
230 2153 351 2193 fidem
369 2152 516 2193 habeat
534 2166 576 2192 se
595 2152 645 2191 iri
662 2151 922 2205 praepositum
941 2151 1013 2191 tibi

79 2220 204 2274 Apud
220 2234 308 2270 me;
339 2234 385 2260 ac
405 2233 487 2260 non
506 2219 548 2259 id
566 2224 730 2268 metuat,
751 2232 815 2268 ne,
836 2218 906 2258 ubi
925 2218 1161 2272 acceperim,
1498 2221 1549 2257 60

81 2288 173 2328 Sese
186 2288 410 2341 relinquam
425 2302 435 2336 ;
466 2286 568 2326 velle
588 2300 629 2326 se
647 2285 759 2326 illam
777 2284 879 2326 mihi
897 2286 991 2326 dare
1009 2299 1017 2324 :

82 2354 234 2396 Verum
252 2354 295 2394 id
313 2353 441 2393 vereri
457 2368 466 2392 ε
498 2353 568 2393 sed
587 2366 661 2405 ego
682 2358 876 2406 quantum
896 2352 1084 2405 suspicor,

84 2421 149 2461 Ad
166 2421 363 2475 virginem
385 2421 566 2462 animum
586 2420 742 2473 adjecit.
829 2420 906 2459 Pa.
946 2420 1132 2460 Etiamne
1152 2419 1353 2474 amplius?

82 2488 160 2528 ΤΗ.
201 2488 295 2528 Nil:
325 2502 421 2528 nam
441 2487 629 2541 quaesivi:
659 2501 767 2527 nunc
788 2500 862 2540 ego
881 2500 982 2536 eam,
1003 2486 1060 2527 mi
1080 2486 1276 2535 Phaedria,

84 2553 226 2594 Multae
247 2560 340 2594 sunt
358 2568 502 2603 causae,
525 2554 783 2608 quamobrem
803 2553 963 2607 cupiam
983 2553 1179 2595 abducere
1196 2568 1205 2593 ε
1499 2555 1549 2593 65

85 2622 275 2671 Primum,
297 2621 405 2675 quod
423 2635 532 2661 soror
550 2627 610 2661 est
627 2621 734 2661 dicta
750 2635 758 2660 :
788 2626 992 2674 praeterea,
1013 2628 1059 2661 ut
1077 2622 1158 2662 suis

86 2689 309 2730 Restituam
328 2702 374 2729 ac
393 2688 580 2729 reddam:
610 2688 695 2728 sola
713 2702 802 2730 sum
819 2703 828 2728 :
856 2688 986 2729 habeo
1003 2688 1070 2729 hic
1088 2689 1305 2738 neminem,

6 2804 9 2806 ⁴
87 2754 228 2808 Neque
248 2755 422 2795 amicum
441 2768 571 2809 neque
591 2760 830 2808 cognatum:
861 2756 1132 2808 quamobrem,
1155 2754 1351 2797 Phaedria.

2 2827 21 2879 ’ξ’
87 2823 214 2876 Cupio
233 2822 383 2876 aliquos
401 2836 541 2877 parere
561 2822 708 2863 amicos
726 2821 921 2863 beneficio
939 2835 1043 2862 meu.
1100 2864 1115 2875 a
