1670 3080
514 143 672 175 Aeros
709 144 754 175 v.
826 145 990 176 SCENA
1026 147 1092 178 1v.
1473 131 1532 181 69

71 226 147 265 Ca.
187 225 280 266 Non
299 227 456 277 faciam,
480 227 654 281 Pythias.
741 230 813 270 ΡΥ.
851 230 944 270 Non
963 231 1030 285 pol
1050 232 1178 282 credo,
1202 233 1379 284 Chaerea,

65 291 154 331 Nisi
173 293 205 332 si
225 294 480 334 commissum
499 309 580 335 non
601 297 685 335 erit.
745 297 821 336 Cn.
861 298 981 347 Quin,
1005 298 1181 351 Pythias,

66 357 129 398 Tu
148 372 214 399 me
233 367 398 401 servato.
486 362 558 402 ΡΥ.
599 363 742 416 Neque
761 363 828 417 pol
848 365 1088 405 servandum
1108 365 1180 405 tibi

61 424 292 478 Quicquam
311 425 405 466 dare
427 428 566 478 ausim,
588 441 718 483 neque
739 435 777 469 te
798 444 978 470 servare:
1009 443 1136 484 apage
1155 437 1207 470 te.
1482 436 1535 474 65

60 490 139 531 Tu.
177 492 305 532 Adest
324 499 486 547 optume
505 495 589 547 ipse
608 496 741 535 frater.
800 496 876 536 CH.
917 497 1022 537 Perii
1039 497 1196 539 hercle:
1227 498 1387 539 obsecro

64 558 269 598 Abeamus
287 559 402 610 intro,
425 561 571 601 Thais.
602 562 694 602 nolo
713 576 778 602 me
799 563 841 602 in
861 563 927 603 via

61 623 163 663 Cum
200 624 275 664 hac
314 632 422 666 veste
460 627 603 668 videat.
690 628 768 668 ΤΗ.
809 630 1082 674 Quamobrem
1118 630 1315 670 tandem?
1352 645 1402 671 an
1441 633 1535 685 quia

251 693 378 732 udet?

61 757 136 797 Cn.
178 706 250 798 Idp
263 759 406 812 ipsum.
494 760 566 800 ΡΥ.
617 760 666 801 Id
703 761 865 815 ipsum?
912 763 1023 816 virgo
1060 777 1166 804 vero.
1253 764 1330 804 Tn-
1381 764 1401 804 Ι
1435 778 1530 818 prae,

227 838 381 878 sequor.

57 886 119 927 Tu
138 888 225 928 istic
247 903 379 940 mane,
400 897 445 931 ut
469 891 682 932 Chremem
701 892 941 944 introducas,
964 894 1142 948 Pythias.
1482 896 1533 937 70

465 1099 642 1140 ACTUS
673 1100 722 1140 V.
790 1101 969 1141 SCENA
1002 1102 1087 1142 ΙΙΙ.

407 1199 607 1240 PYTHIAS.
666 1201 880 1242 CHREMES.
940 1204 1181 1242 SOPHRONA.

56 1304 127 1344 ΡΥ.
168 1304 286 1354 Quid,
308 1304 406 1358 quid
424 1305 559 1345 venire
579 1306 622 1345 in
641 1313 820 1347 mentem
840 1322 948 1348 nunc
967 1310 1091 1362 possit
1110 1310 1242 1350 mihi?

56 1369 272 1419 Quidnam,
294 1371 363 1423 qui
381 1371 550 1411 referam
571 1372 763 1426 sacrilego
784 1373 842 1413 illi
860 1375 1044 1427 gratiam,

54 1437 134 1482 Qui
152 1436 260 1477 huuc
280 1438 499 1491 supposivit
519 1438 662 1478 nobis?
746 1440 822 1479 Cn.
863 1441 986 1481 Move
1006 1455 1100 1482 vero
1120 1456 1244 1496 ocyus

53 1504 123 1553 Te,
145 1505 291 1544 nutrix.
378 1506 443 1544 So.
485 1505 646 1545 Moveo.
734 1507 809 1546 Cu.
850 1507 991 1557 Video,
1014 1509 1084 1548 sed
1102 1508 1160 1547 nil
1179 1522 1402 1562 promoves.

54 1572 126 1611 ΡΥ.
168 1572 193 1611 J
197 1586 314 1612 amne
334 1572 539 1612 ostendisti
558 1573 673 1626 signa
691 1574 866 1614 nutrici?
954 1575 1028 1614 Cu.
1069 1576 1232 1618 Omnia.
1505 1579 1529 1616 5

54 1636 127 1676 ΡΥ.
168 1637 338 1688 Amabo,
361 1639 457 1693 quid
476 1639 557 1680 ait?
585 1641 868 1693 cognoscitne?
952 1642 1027 1681 Cu.
1068 1643 1129 1682 Ac
1149 1643 1389 1683 memoriter.

53 1704 127 1744 ΡΥ.
167 1706 277 1746 Bene
298 1707 439 1760 edepol
459 1721 617 1747 narras:
647 1722 743 1747 nam
761 1708 820 1747 illi
838 1708 953 1748 faveo
974 1709 1132 1761 virgini.

53 1771 115 1812 Ite
134 1773 239 1812 intro
255 1788 264 1823 ;
289 1773 529 1827 jamdudum
547 1774 644 1815 hera
663 1789 733 1815 vos
754 1781 957 1828 exspectat
976 1776 1096 1815 domi.

53 1840 196 1880 Virum
215 1842 367 1881 bonum
387 1856 528 1881 eccum
549 1843 843 1888 Parmenonem
862 1843 1048 1882 incedere

53 1906 183 1946 Video
201 1921 209 1946 :
238 1907 328 1946 vide
349 1914 394 1947 ut
412 1908 557 1947 otiosus
576 1909 618 1957 it,
642 1909 675 1947 si
695 1909 768 1948 Dis
787 1908 920 1962 placet
936 1909 945 1948 Ξ
1480 1913 1528 1950 10

53 1973 188 2025 Spem,
208 1987 273 2012 me
292 1972 449 2022 habere,
471 1974 539 2027 qui
558 1973 665 2013 hunc
686 1974 913 2014 excruciem
932 1988 1023 2015 meo
1042 1975 1174 2015 modo.

53 2037 127 2077 Ibo
146 2038 262 2087 intro,
283 2038 332 2079 de
353 2039 579 2092 cognitione
598 2046 644 2078 ut
662 2046 814 2080 certum
835 2041 958 2080 sciam
977 2055 987 2080 t

53 2103 148 2144 Post
166 2118 277 2154 exeo,
298 2110 416 2158 atque
435 2105 542 2145 hunc
562 2107 790 2159 perterrebo
810 2106 1060 2160 sacrilegum.

489 2303 666 2344 ACTUS
697 2304 747 2343 V.
807 2304 992 2346 SCENA
1020 2306 1095 2346 IV.

551 2399 772 2438 Pmmzno.
832 2399 1032 2438 PYTmAs.

53 2504 125 2544 ΡΑ.
164 2503 323 2552 Reviso,
345 2501 536 2556 quidnam
557 2499 724 2540 Chaerea
741 2498 806 2539 hic
824 2513 959 2538 rerum
977 2505 1102 2551 gerat.

52 2569 171 2615 Quod
189 2569 221 2609 si
240 2574 328 2608 astu
345 2582 430 2607 rem
451 2566 644 2614 tractavit,
667 2565 732 2614 Di,
755 2570 927 2604 vostram
947 2563 1069 2603 fidem
1087 2564 1096 2603 Ξ

52 2636 255 2680 Quantam
275 2639 315 2673 et
333 2646 455 2686 quam
474 2645 609 2671 veram
627 2630 789 2670 laudem
809 2630 938 2682 capiet
958 2629 1156 2669 Parmeno
1172 2629 1180 2668 Ξ

2 2706 3 2709 ’
53 2700 161 2741 Nam
179 2706 225 2740 ut
242 2700 410 2747 mittam,
434 2698 540 2751 quod
559 2697 596 2736 ei
615 2710 793 2736 amorem
812 2695 1092 2735 difficillimum
1112 2701 1153 2735 et

14 2787 16 2789 ·
54 2767 310 2808 Carissimum
330 2766 379 2804 ab
398 2764 605 2804 meretrice
625 2777 769 2812 avara3
800 2762 999 2815 virginem
1503 2765 1528 2802 5

4 2825 23 2863 's'
55 2833 186 2878 Quam
206 2832 376 2879 amabat,
399 2844 488 2870 eam
508 2828 662 2869 confeci
680 2828 765 2868 sine
784 2827 977 2875 molestia,
