1670 3080
538 143 696 175 Ac'rus
723 143 767 174 v.
841 143 1006 177 scENA
1030 143 1064 175 1.
1468 127 1560 175 109

101 229 188 270 Nisi
207 230 240 269 si
259 244 386 270 essem
405 229 505 283 lapis
521 230 530 269 !
562 244 652 283 quae
672 230 780 271 vidi!
811 245 873 272 vae
892 230 1037 270 misero
1055 228 1155 268 mihi
1172 228 1182 268 !

99 297 157 336 At
174 310 225 336 ne
244 296 342 337 illud
360 297 469 337 haud
486 298 670 347 inultum,
693 299 725 338 si
744 299 846 347 vivo,
868 298 998 337 ferent
1014 310 1023 335 :
1510 298 1560 334 45

98 363 205 403 Nam
219 363 361 417 jam—
417 364 503 403 ΜΕ.
543 364 637 403 Non
656 371 700 404 tu
720 371 757 404 te
777 364 967 404 cohibes?
994 375 1077 402 non
1096 366 1135 401 te
1153 361 1346 414 respicis?

97 427 191 468 Non
210 428 279 468 tibi
301 442 374 482 ego
394 429 567 482 exempli
587 430 681 469 satis
700 431 818 469 sum?
902 430 976 468 Cn.
1016 428 1106 467 Prae
1126 426 1343 475 iracundia,

96 494 350 544 Menedeme‚
371 509 451 535 non
473 510 559 535 sum
579 496 686 549 apud
704 511 781 536 me.
866 496 953 535 ΜΕ.
993 495 1102 534 Tene
1121 495 1222 534 istuc
1240 493 1376 547 loqui?

94 560 241 600 Nonne
260 561 302 601 id
319 562 578 615 flagitium’st,
599 568 638 602 te
658 562 744 602 aliis
763 562 972 602 consilium
991 560 1098 609 dare,

94 627 206 668 Foris
224 642 372 682 sapere,
395 629 467 669 tibi
486 643 566 669 non
586 643 700 682 posse
721 635 759 668 te
780 628 1033 668 auxiliarier?
1507 629 1560 666 50

94 694 170 734 Cn.
209 695 316 739 Quid
335 696 510 735 faciam?
593 696 679 735 ΜΕ.
720 696 780 745 Id,
803 695 909 748 quod
928 701 972 734 tu
989 709 1054 733 me
1075 694 1214 733 fecisse
1235 694 1344 734 aibas
1362 706 1504 747 pamm
1521 708 1529 732 :

93 759 126 799 F
127 774 184 809 ac,
206 767 244 800 te
265 759 348 800 esse
367 767 522 814 patrem
541 767 587 801 ut
605 761 748 802 sentiat
764 776 773 801 ε
802 762 878 810 fac,
900 766 945 800 ut
963 760 1109 800 audeat

91 827 182 866 Tibi
201 828 359 868 credere
379 829 524 877 omnia,
546 829 616 867 abs
636 834 674 867 te
694 833 829 881 petere
852 834 892 867 et
909 841 1070 881 poscere
1088 841 1096 866 :

91 894 155 933 Ne
174 907 295 947 quam
313 895 434 934 aliam
454 901 607 948 quaerat
625 895 792 948 copiam,
813 909 859 935 ac
879 901 918 934 te
938 895 1104 934 deserat.

91 961 167 1000 Cn.
193 961 340 1000 ‘Immo
358 962 476 1001 abeat
493 962 623 1015 potius
642 961 748 1001 malo
768 962 907 1015 quovis
926 962 1120 1015 gentium,
1505 963 1555 1000 55

90 1027 221 1071 Quam
240 1027 306 1067 hic
324 1041 396 1079 per
414 1028 610 1081 flagitium
629 1029 681 1067 ad
698 1028 876 1081 inopiam
894 1028 1050 1082 redigat
1066 1034 1221 1082 patrem
1239 1041 1247 1067 :

89 1094 197 1134 Nam
216 1094 248 1134 si
267 1094 372 1134 illius
389 1109 514 1148 pergo
533 1095 783 1148 suppeditare
803 1095 1009 1144 sumtibus,

80 1161 343 1211 Meneclem,
365 1162 465 1201 mihi
484 1162 564 1202 illic
586 1176 676 1202 vere
697 1163 748 1203 ad
765 1168 910 1203 rastros
924 1177 987 1202 res
1005 1162 1119 1202 redit.

89 1226 175 1266 ΜΕ.
215 1227 333 1272 Quod
351 1228 594 1268 incommodi
613 1228 686 1267 tibi
703 1228 746 1267 in
764 1228 903 1269 haere
923 1228 1105 1282 accipies,
1126 1228 1203 1268 nisi
1223 1228 1363 1268 caves!

87 1294 305 1334 Difficilem
324 1296 506 1334 ostendes
525 1301 563 1334 te
584 1309 680 1341 esse,
702 1301 742 1335 et
759 1296 940 1348 ignosces
960 1302 1095 1335 tamen
1502 1298 1554 1334 60

89 1361 206 1401 Post:
237 1367 278 1402 et
294 1363 336 1402 id
354 1362 568 1415 ingratum.
627 1363 703 1402 Cn.
725 1362 818 1402 Ah!
849 1363 990 1411 nescis,
1012 1376 1133 1415 quam
1153 1362 1322 1402 doleam.
1381 1362 1467 1401 ΜΕ.
1499 1362 1554 1400 Ut

248 1428 370 1468 lubet.
802 1458 806 1461 .

87 1494 194 1539 Quid
211 1493 299 1544 hoc,
321 1494 428 1548 quod
446 1494 546 1543 volo,
567 1499 614 1534 ut
630 1494 700 1534 ina
718 1495 844 1534 nubat
862 1495 1025 1534 nostro?
1053 1494 1129 1534 nisi
1149 1493 1245 1546 quid
1265 1500 1334 1543 est,

87 1562 205 1606 Quod
222 1562 362 1601 mavis.
447 1561 522 1600 Cn.
563 1561 694 1600 Immo
715 1567 755 1600 et
773 1574 898 1614 gener
917 1566 957 1600 et
975 1560 1114 1600 affines
1132 1560 1305 1613 placent.

84 1627 172 1667 ΜΕ.
213 1627 322 1672 Quid
339 1627 442 1667 dotis
461 1627 591 1666 dicam
610 1633 649 1666 te
668 1626 812 1666 dixisse
833 1626 956 1666 filiae?

85 1695 193 1740 Quid
229 1695 456 1735 obticuisti?
549 1695 623 1735 Cn.
664 1694 806 1734 Dotis?
899 1693 985 1733 ΜΕ.
1036 1693 1100 1732 Ita
1137 1692 1236 1732 dico.
1332 1693 1406 1732 Cn.
1456 1693 1520 1731 Ah
1539 1694 1547 1731 !

247 1762 334 1801 ΜΕ.
374 1761 556 1810 Chreme,
1497 1763 1547 1799 65

7 1873 10 1876 ‚
84 1827 148 1868 Ne
168 1828 264 1882 quid
282 1842 454 1877 vereare,
476 1829 509 1868 si
527 1829 659 1868 minus
676 1843 684 1868 :
715 1828 772 1867 nil
791 1842 863 1867 nos
883 1828 952 1867 dos
971 1833 1118 1866 movet.

85 1895 159 1934 Cn.
198 1894 290 1934 Duo
310 1894 459 1934 talenta
476 1908 548 1947 pro
566 1908 608 1933 re
630 1899 763 1933 nostra
781 1907 856 1947 ego
875 1907 959 1933 esse
979 1894 1138 1933 decrevi
1157 1893 1250 1933 satis
1268 1907 1277 1932 τ

20 1998 21 2001 ,
83 1961 162 2001 Sed
180 1962 235 2001 ita
253 1962 362 2001 dictu
381 1966 440 2001 est
459 1975 569 2014 opuS,
591 1962 623 2000 si
641 1975 706 2001 me
725 1961 784 2001 vis
802 1961 954 2000 salvom
975 1975 1058 2000 esse
1079 1966 1119 2000 et
1136 1974 1221 2000 rem
1242 1967 1281 2000 et
1299 1960 1437 2009 filium,

83 2027 153 2067 Me
172 2041 263 2067 mea
281 2021 415 2067 omnia
433 2028 538 2066 bona
558 2027 640 2066 doti
659 2026 804 2066 dixisse
824 2026 892 2065 illi.
979 2026 1067 2065 ΜΕ.
1106 2027 1239 2070 Quam
1257 2039 1342 2065 rem
1362 2027 1476 2079 agis?

83 2093 158 2133 Cn.
193 2094 244 2134 Id
260 2093 396 2134 mirari
415 2099 453 2132 te
473 2092 669 2142 simulato,
693 2098 733 2132 et
753 2092 867 2132 illum
885 2092 961 2132 hoc
980 2093 1149 2145 rogitato
1170 2092 1299 2141 simul,
1497 2095 1547 2134 70

81 2160 351 2204 Quamobrem
383 2159 425 2199 id
455 2159 613 2199 faciam.
699 2160 785 2199 ΜΕ.
828 2159 936 2204 Quin
969 2173 1044 2213 ego
1077 2173 1182 2208 ver0,
1217 2161 1475 2214 quamobrem
1506 2162 1546 2200 id

239 2226 373 2274 facias,
394 2226 539 2265 nescio.

82 2292 156 2332 Cn.
195 2292 362 2346 Egone?
388 2298 434 2332 ut
452 2293 536 2346 ejus
556 2293 748 2341 animum,
771 2293 839 2346 qui
858 2307 965 2332 nunc
984 2292 1143 2333 luxuria
1163 2299 1203 2333 et
1220 2293 1384 2334 lascivia

81 2359 248 2409 Diffluit,
267 2360 489 2409 retundam,
510 2360 701 2412 redigam,
722 2365 785 2408 ut,
800 2373 877 2412 quo
898 2373 939 2399 se
961 2366 1098 2408 vortat,
1119 2361 1282 2400 nesciat.

82 2425 168 2465 ΜΕ.
216 2425 324 2470 Quid
341 2426 455 2479 agis?
538 2426 614 2465 Cn.
663 2425 795 2473 Mitte,
817 2439 862 2465 ac
883 2426 968 2466 sine
987 2440 1052 2465 me
1071 2426 1114 2466 in
1132 2426 1208 2468 hac
1227 2440 1270 2466 re
1288 2440 1426 2480 gerere
1446 2427 1542 2468 mihi

239 2506 404 2532 morem.
489 2492 576 2531 ΜΕ.
617 2492 734 2531 Sino:
885 2533 894 2539 „

83 2557 196 2598 Itane
213 2559 302 2598 vis?
381 2559 456 2598 Cn.
498 2558 572 2598 Ita.
658 2558 746 2599 ΜΕ.
786 2559 886 2599 Fiat.
973 2559 1047 2600 Cu.
1088 2561 1150 2601 Ac
1175 2560 1274 2614 jam,
1301 2575 1465 2602 uxorem
1499 2572 1543 2602 ut

244 2632 425 2675 arcessat,
447 2631 571 2679 paret.
1488 2632 1536 2669 75

83 2691 163 2733 Hic
181 2693 247 2743 ita,
267 2699 313 2733 ut
330 2693 474 2733 liberos
493 2699 553 2733 est
570 2707 740 2747 aequom,
761 2693 876 2733 dictis
896 2694 1175 2742 confutabitur,
1379 2736 1382 2739 ,
1489 2685 1493 2689 ”

83 2760 162 2808 Sed
189 2761 344 2814 Syrum.
429 2761 517 2800 ΜΕ.
558 2760 667 2805 Quid
689 2761 809 2800 eum?
893 2761 968 2800 Cn.
1009 2761 1107 2814 Ego,
1133 2762 1164 2801 si
1190 2762 1294 2811 vivo,
1331 2776 1421 2802 eum
1446 2763 1543 2803 ade«,

242 2833 474 2868 exornatum
493 2827 607 2875 dabo,
