1670 3080
503 109 667 142 Ac'ms
704 108 771 141 IV.
843 108 1008 141 SCENA
1044 108 1089 140 v,
1448 94 1542 142 207

78 198 196 239 Posse
215 195 323 237 illam
344 195 501 236 extrudi
517 210 526 235 :
557 196 655 235 cedo
673 210 782 236 nunc
801 210 929 250 porro,
952 187 1141 235 Phorr'nio

78 263 226 304 Do‘t'em
245 262 278 303 si
297 262 477 316 accipiet,
498 276 600 302 uxor
618 262 804 302 ducenda
822 268 882 302 est
900 262 1077 310 domum,

76 327 184 373 Quid
201 327 270 368 fiet
283 318 309 367 ‘2v
382 327 461 367 Gn.
501 328 595 367 Non
616 328 723 368 enim
743 328 872 368 ducet.
958 329 1040 367 AN.
1081 327 1191 367 Novi
1207 341 1215 366 :
1247 331 1422 366 ceterum

75 395 177 435 Cum
195 399 406 448 argentum
425 401 617 448 repetent,
639 401 774 435 nostra
793 409 913 435 causa
933 395 1083 435 scilicet

75 461 126 502 In
144 475 310 502 nervom
329 462 460 515 potius
477 462 561 502 ibit.
659 464 735 502 Ge.
776 462 889 502 Nihil
909 468 978 511 est,
1001 462 1193 516 Antipho,
1493 462 1540 500 15

74 527 182 573 Quin
201 528 306 572 male
325 529 524 568 narrando
542 529 666 582 possit
684 529 948 582 depravarier.

74 594 136 635 Tu
153 594 206 643 id,
223 595 443 649 quod-boni
462 601 532 644 est,
555 597 734 649 excerpis
751 610 760 634 :
790 596 900 646 dieis,
923 597 1030 650 quod
1048 596 1144 636 mali
1164 602 1233 637 est.

73 661 184 701 Audi
201 675 310 701 nunc
329 668 466 702 contra
479 662 566 715 jam
584 676 592 701 :
622 662 655 701 si
674 668 885 715 argentum
904 663 1113 716 acceperit,

73 726 271 766 Ducenda
289 732 349 766 est
366 741 478 776 uxor,
499 733 545 767 ut
562 727 619 767 ais
636 742 644 766 :
660 727 851 768 'concedo
871 729 944 768 tibi
962 743 970 768 ε

73 792 254 845 Spatium
273 793 434 846 quidem
453 793 615 832 tandem
636 794 873 846 apparandis
891 795 1052 849 nuptiis,
1487 798 1539 834 20

73 858 266 907 Vocandi,
289 858 536 898 sacrificandi
555 859 713 899 dabitur
730 859 950 912 paululum.

72 925 233 965 Interea
251 925 380 973 amici,
403 926 509 978 quod
527 926 693 979 polliciti
711 932 815 975 sunt,
829 927 1013 967 dabunt:

72 991 172 1031 Inde
183 991 257 1031 iste
272 992 421 1031 reddet.
471 993 552 1032 An.
575 993 873 1037 Quamobrem?
891 1000 960 1034 aut
979 994 1074 1047 quid
1092 993 1227 1033 dicet?
1275 994 1352 1034 Gn.
1375 993 1538 1046 Rogas?

71 1058 178 1103 Quot
194 1071 258 1098 res
275 1063 365 1111 post
382 1058 451 1098 illa
469 1065 647 1099 monstra
665 1067 886 1100 evenerunt
903 1061 1034 1100 mihi?

73 1123 230 1164 Introiit
247 1123 290 1163 in
308 1123 417 1164 aedes
435 1130 520 1164 ater
538 1125 691 1166 alienus
710 1127 820 1166 canis
837 1141 846 1167 ε
1484 1129 1534 1166 25

69 1190 227 1243 Anguis
247 1190 289 1229 in
309 1190 547 1243 impluvium
567 1192 716 1231 decidit
734 1193 784 1232 de
803 1193 945 1246 tegulis
964 1208 973 1233 :

71 1255 232 1296 Gallina
251 1257 394 1296 cecinit
410 1271 420 1296 z
449 1257 656 1297 interdixit
672 1258 846 1298 hariolus
862 1274 871 1308 ;

69 1324 255 1377 Aruspex
273 1323 401 1363 vetuit
419 1329 512 1363 ante
529 1324 714 1365 brumam
733 1325 883 1379 aliquid
901 1325 996 1366 novi

68 1388 217 1443 Negoti
235 1391 409 1444 incipere
424 1383 438 1440 ;⁴
467 1404 556 1444 quae
577 1405 696 1432 causa
715 1398 774 1431 est
786 1392 1017 1445 justissima.

69 1457 172 1497 Haec
191 1457 300 1498 fient.
385 1459 467 1514 ᾼΝ.
507 1458 563 1497 Ut
581 1458 700 1498 modo
718 1459 828 1498 fiant.
915 1460 992 1499 Gn.
1033 1459 1150 1499 Fient
1167 1474 1174 1499 :
1205 1473 1269 1499 me
1288 1459 1390 1498 vide.
1480 1460 1532 1498 30

68 1524 188 1566 Pater
206 1525 312 1575 exit;
343 1525 419 1574 abi,
441 1525 516 1574 dic,
538 1539 622 1565 esse
643 1531 866 1579 argentum,
889 1525 1097 1567 Phaedriae.

500 1725 679 1766 ACTUS
715 1724 789 1765 IV.
848 1725 1028 1765 SCENA
1060 1725 1109 1764 V.

443 1827 660 1866 Dmssr’no.
737 1828 868 1867 GE'rA.
937 1827 1150 1867 CHREMES.

67 1931 146 1972 Dn.
186 1931 352 1977 Quietus
371 1936 466 1980 esto,
486 1931 651 1983 inquam
668 1945 676 1969 :
708 1944 782 1983 ego
802 1930 960 1978 curabo,
982 1943 1034 1968 ne
1055 1928 1152 1982 quid
1171 1929 1383 1968 verborum
1403 1928 1500 1968 duit.

68 1998 157 2038 Hoc
186 2003 334 2037 temere
373 2010 579 2050 nunquam
618 1996 799 2036 amittam
842 2008 917 2048 ego
958 2009 982 2034 a
1020 2007 1097 2042 me,
1143 1994 1238 2047 quin
1282 1993 1381 2034 mihi
1412 1999 1529 2034 testes

227 2063 438 2104 adhibeam
455 2077 463 2101 :

67 2130 139 2171 Cui
157 2130 261 2180 dem,
279 2130 535 2183 quamobrem
555 2130 660 2179 dem,
682 2129 1015 2169 commemorabo.
1102 2129 1180 2168 Gn.
1221 2129 1278 2168 Ut
1296 2133 1435 2168 cautus
1455 2133 1525 2176 est,

153 2187 155 2189 ’
223 2197 292 2237 ubi
310 2196 411 2236 nihil
430 2196 603 2249 opus'st!

67 2263 141 2303 Cn.
180 2263 307 2317 Atqui
332 2263 388 2303 ita
416 2277 514 2316 opus
541 2263 647 2303 facto
671 2268 742 2311 est,
767 2267 807 2302 et
833 2266 1000 2310 mature,
1022 2262 1118 2304 dum
1138 2262 1261 2303 libido
1281 2262 1420 2302 eadem
1439 2263 1526 2302 haec

194 2362 196 2364 v
224 2335 382 2369 manet:

65 2395 171 2436 Nam
190 2396 223 2436 si
241 2396 365 2436 altera
382 2395 485 2436 illaec
503 2395 631 2449 magis
647 2395 822 2444 instabit,
843 2395 1007 2436 forsitan
1026 2409 1099 2436 nos
1117 2395 1267 2435 reiciat.
1500 2398 1525 2435 5

67 2463 142 2502 Gn.
181 2462 284 2502 Rem
303 2462 431 2515 ipsam
448 2461 608 2514 putasti.
666 2461 745 2501 Da.
776 2461 867 2502 Duc
886 2475 952 2501 me
972 2461 1024 2502 ad
1042 2474 1134 2501 eum
1155 2474 1261 2514 ergo.
1322 2461 1399 2501 Gn.
1432 2461 1527 2502 Non

223 2543 369 2569 moror.
428 2529 503 2568 Cn.
541 2527 623 2567 Ubi
639 2527 716 2568 hoc
737 2528 875 2581 egeris,

65 2596 245 2636 Transito
268 2596 320 2636 ad
337 2609 503 2636 uxorem
527 2609 672 2644 meam,
696 2600 744 2635 ut
767 2596 979 2636 conveniat
1005 2595 1110 2635 hanc
1137 2595 1260 2651 prius,
1282 2610 1403 2651 quam
1432 2596 1527 2636 hinc

224 2662 327 2702 abit:

65 2727 194 2776 Dicat,
215 2741 303 2768 eam
322 2729 416 2768 dare
435 2741 507 2767 nos
527 2727 758 2767 Phormioni
777 2732 960 2781 nuptum,
980 2741 1033 2768 ne
1054 2735 1308 2771 suscenseat:

66 2791 118 2831 Et
134 2794 260 2846 magis
279 2807 362 2833 esse
381 2793 493 2832 illum
513 2793 712 2841 idoneum,
734 2793 808 2846 ipsi
829 2794 896 2846 qui
915 2793 965 2832 sit
982 2795 1214 2835 familiarior
1230 2810 1238 2834 :
