1670 3080
124 118 218 165 120
747 133 990 182 ADEJ‘PHI·

127 220 292 259 Alienas
309 234 318 258 ε
347 219 479 273 ipsum
498 220 704 259 dominum
724 225 841 271 atque
861 231 1021 258 omnem
1039 217 1233 257 familiam

128 286 324 327 Mulcavit
341 301 465 340 usque
486 287 536 326 ad
554 293 723 326 mortem
738 301 746 325 :
778 286 921 342 eripuit
938 285 1157 334 mulierem,
1533 286 1584 324 10

120 355 252 398 Quam
271 354 431 393 amabat
447 368 454 392 :
486 354 661 393 clamant
680 367 831 402 omnes,
851 352 1138 405 indignissume

124 420 291 459 Factum
311 434 396 459 esse
413 434 421 459 ε
451 420 526 459 hoc
542 420 768 459 advenienti
789 425 884 472 quot
902 419 1012 467 mihi,
1036 418 1172 465 Micio,

120 486 269 525 Dixere
284 486 299 525 '2
327 486 369 525 in
389 486 507 525 ore’st
525 486 634 525 omni
652 485 799 539 populo
817 500 825 525 ε
856 485 1039 537 denique,

121 553 162 592 Si
182 553 467 592 conferendum
487 552 714 605 exemplum
733 558 803 601 est,
824 565 905 591 non
924 552 1086 590 fratrem
1105 549 1213 590 videt

121 620 197 659 Rei
216 634 377 672 operam
397 620 501 668 dare,
522 620 604 659 ruri
623 633 706 659 esse
725 632 889 672 parcum
910 632 955 658 ac
975 618 1178 657 sobrium?
1530 619 1578 657 15

121 685 287 725 Nullum
308 685 426 738 hujus
443 686 594 725 factum
613 685 740 724 simile
757 699 765 724 :
795 684 883 724 haec
904 698 994 723 cum
1014 683 1083 732 illi,
1105 683 1241 732 Micio,

121 752 235 799 Dico,
257 751 329 791 tibi
348 752 436 791 dico
454 766 462 791 :
493 757 537 790 tu
555 751 667 791 illum
687 751 886 803 corrumpi
906 751 1012 789 sinis.

121 819 198 858 M1.
241 819 416 858 Homine
436 819 618 871 imperito
637 831 843 871 nunquam
862 817 1075 871 quicquam
1093 815 1337 870 injustius’st,

123 885 213 934 Qui,
235 885 312 924 nisi
331 885 436 938 quod
455 885 537 937 ipse
556 884 660 933 fecit,
682 884 739 923 nil
758 889 909 923 rectum
929 888 1054 936 putat.

121 952 200 991 DE.
250 952 448 995 Quorsum
485 951 614 990 istuc?
706 950 782 989 M1.
823 949 927 994 Quia
964 955 1018 997 tu,
1054 948 1219 995 Demea,
1258 946 1346 988 haec
1382 946 1486 987 male
1516 946 1583 999 ju-

286 1018 403 1058 dicas.
1531 1015 1583 1052 20

123 1083 218 1123 Non
239 1089 296 1123 est
314 1083 521 1137 flagitium,
542 1082 641 1122 mihi
660 1082 788 1130 crede,
811 1081 1152 1121 adulescentulum

122 1150 301 1198 Scortari,
322 1162 452 1202 neque
471 1154 606 1201 potare
623 1162 631 1187 :
662 1161 743 1187 non
763 1153 844 1186 est:
876 1161 1002 1199 neque
1022 1148 1126 1186 fores

124 1216 357 1269 Effringere.
417 1217 518 1255 Haec
539 1216 572 1254 si
591 1229 720 1267 neque
740 1228 824 1267 ege,
846 1227 974 1266 neque
994 1220 1037 1254 tu
1054 1213 1232 1257 fecimus.

124 1283 216 1323 Non
237 1284 302 1322 siit
321 1289 472 1336 egestas
490 1283 620 1322 facere
639 1295 710 1321 nos
728 1295 736 1320 :
767 1286 811 1319 tu
830 1294 937 1320 nunc
956 1280 1028 1320 tibi

123 1351 172 1391 Id
190 1351 299 1391 laudi
318 1352 448 1399 duces,
471 1350 578 1403 quod
595 1355 680 1388 tum
700 1347 829 1387 fecisti
847 1347 1011 1400 inopia?
1533 1348 1583 1385 25
1616 1375 1621 1379 .

124 1418 392 1472 Injurium’st:
422 1431 516 1457 nam
537 1417 569 1455 si
588 1421 701 1464 esset,
722 1414 829 1454 unde
848 1414 972 1462 fieret,

123 1485 383 1525 Faceremus:
415 1490 455 1523 et
472 1484 585 1523 illum
605 1488 649 1522 tu
669 1489 793 1530 tuum,
815 1481 849 1521 si
869 1494 971 1520 esses
989 1475 1122 1528 homo,

125 1551 281 1590 Sineres
300 1557 407 1589 nunc·
427 1549 568 1597 facere,
591 1548 687 1587 dum
706 1561 778 1600 per
797 1552 957 1586 aetatem
975 1545 1093 1594 licet,
1447 1533 1473 1583 9

124 1617 258 1657 Potius
278 1630 409 1669 quam,
429 1615 499 1655 ubi
518 1620 555 1654 te
576 1618 848 1667 exspectatum
868 1612 1047 1666 ejecisset
1064 1612 1180 1661 foras,

123 1684 327 1724 Alieniore
347 1688 463 1723 aetate
482 1687 571 1735 post
589 1682 737 1720 faceret
756 1686 903 1719 tamen.
1535 1681 1588 1718 30

123 1750 202 1788 ΒΕ.
242 1749 320 1788 Pro
341 1748 510 1801 Jupiter,
532 1753 575 1787 tu
593 1746 713 1786 homo
733 1745 859 1798 adigis
878 1759 942 1784 me
961 1745 1013 1784 ad
1030 1744 1238 1785 insaniam.

124 1817 217 1856 Non
238 1822 297 1856 est
314 1816 522 1869 flagitium,
543 1816 673 1854 facere
691 1814 779 1854 haec
798 1812 1167 1853 adulescentulum?
1240 1812 1317 1852 M1.
1358 1811 1452 1852 Ah!

124 1882 328 1930 Ausculta,
349 1896 400 1920 ne
420 1896 484 1921 me
504 1881 699 1921 obtundas
719 1880 767 1919 de
787 1879 861 1919 hac
881 1893 924 1918 re
944 1879 1099 1932 saepius.

124 1949 256 1988 Tuum
275 1948 403 1987 filium
422 1947 564 1986 dedisti
583 1945 853 1998 adoptandum
872 1945 971 1983 mihi
989 1960 997 1983 :

127 2016 167 2054 Is
187 2027 299 2054 meus
319 2018 377 2052 est
396 2013 547 2052 factus:
578 2012 610 2051 si
630 2011 726 2064 quid
745 2017 894 2063 peccat,
916 2011 1083 2058 Demea,
1537 2015 1587 2051 35

128 2081 233 2120 Mihi
251 2084 390 2133 peccat
406 2093 414 2118 :
445 2092 519 2131 ego
538 2077 595 2116 illi
614 2090 845 2116 maxumam
863 2081 1017 2128 partem
1037 2076 1174 2115 feram.

129 2148 319 2200 Opsonat,
340 2149 461 2198 potat,
483 2143 564 2182 olet
581 2147 812 2195 unguenta3
843 2141 891 2180 de
911 2154 1000 2179 meo
1017 2154 1025 2179 :
1082 2175 1085 2178 ,

127 2214 276 2261 Amat3
308 2211 507 2251 dabitur'a
524 2223 589 2249 me
609 2214 830 2262 argentum,
852 2207 948 2247 dum
968 2207 1043 2246 erit
1061 2203 1339 2246 commodum:

127 2279 208 2318 Ubi
228 2291 308 2317 non
329 2278 413 2326 erit,
434 2277 597 2316 fortasse
618 2274 850 2314 excludetur
867 2273 983 2311 foras.

129 2348 250 2387 Fores
269 2345 434 2398 effregit,
455 2344 731 2384 restituentur:
761 2332 918 2381 discidit
1538 2343 1591 2380 40
1662 2363 1663 2366 =

131 2414 306 2461 Vestem,
328 2412 587 2451 resarcietur:
618 2415 688 2457 est,
710 2409 784 2447 Dis
802 2407 940 2460 gratia,

130 2481 182 2520 Et
200 2480 306 2519 unde
325 2478 412 2517 haec
433 2477 543 2525 fiant,
565 2481 604 2515 et
622 2475 751 2515 adhuc
771 2487 851 2514 non
870 2473 1037 2512 molesta
1054 2478 1157 2513 sunt.

131 2547 335 2589 Postremo
356 2550 424 2583 aut
443 2544 589 2591 desine,
612 2548 681 2582 aut
699 2541 795 2582 cedo
814 2541 993 2593 quemvis
1012 2540 1228 2581 arbitrum:

130 2613 189 2652 Te
208 2611 322 2664 plura
339 2611 382 2650 in
400 2611 475 2650 hac
494 2624 537 2649 re
557 2623 721 2662 peccare
741 2607 958 2647 ostendam.
1042 2606 1122 2645 Da.
1161 2604 1244 2644 Hei
1261 2603 1372 2652 mihi,

132 2679 250 2718 Pater
270 2692 351 2717 esse
371 2678 475 2716 disce
496 2678 545 2716 ab
564 2676 653 2724 illis,
675 2676 743 2728 qui
762 2674 844 2714 veri
863 2674 976 2713 sient.
1424 2665 1428 2668 ’
1537 2671 1588 2709 45

134 2745 211 2784 M1.
251 2745 405 2783 Natura
424 2750 468 2782 tu
486 2743 543 2781 illi
560 2749 673 2795 pater
692 2756 744 2789 es,
767 2740 938 2780 consiliis
957 2752 1043 2791 ego.
1391 2733 1398 2740 ’

134 2811 212 2850 ΒΕ.
251 2809 354 2849 Tun'
375 2809 544 2848 consulis
565 2807 806 2861 quicquam?
887 2806 964 2843 M1.
1003 2803 1097 2843 Ah!
1127 2802 1160 2842 si
1173 2801 1315 2855 pergis,
1337 2799 1481 2840 abiero.
