1670 3080
665 545 1056 595 ANDRIA.

762 717 971 724 ———

592 839 769 878 ACTUS
800 839 833 878 1.
893 837 1073 877 SCENA
1104 836 1137 876 Ι.

712 933 830 971 Simo.
888 933 1022 970 Sosm.

135 1033 190 1070 St.
232 1031 313 1069 Vos
332 1030 442 1069 istaec
462 1030 567 1068 intro
587 1029 763 1068 auferte:
794 1029 910 1068 abite.
970 1029 1081 1068 Sosia

136 1098 341 1137 Adesdum
358 1111 366 1135 z
396 1096 532 1150 paucis
551 1102 590 1135 te
610 1096 710 1135 volo.
797 1097 862 1135 So.
902 1096 1066 1135 Dictum
1085 1102 1182 1148 puta
1198 1110 1207 1134 ε

137 1164 292 1216 Nempe
311 1169 357 1202 ut
377 1168 564 1201 curentur
582 1168 688 1201 recte
707 1161 806 1201 haec.
874 1163 930 1201 81.
972 1162 1103 1200 Immo
1122 1161 1242 1201 aliud.
1309 1162 1379 1206 So.
1409 1160 1518 1206 Quid
1535 1165 1604 1203 est.

137 1230 254 1275 Quod
273 1230 344 1268 tibi
364 1244 453 1268 mea
472 1243 534 1268 ars
554 1229 709 1268 efficere
729 1229 804 1268 1100
822 1229 945 1281 possit
965 1229 1165 1281 amplius?

138 1299 193 1335 S1.
235 1297 346 1335 Nihil
364 1297 461 1335 istac
481 1310 578 1349 opus
599 1302 657 1335 est
678 1301 761 1334 arte
780 1296 830 1334 ad
848 1295 951 1334 113110
972 1310 1068 1344 rem,
1090 1309 1210 1349 quam
1228 1308 1350 1349 paro;
1582 1297 1606 1332 5

139 1364 217 1403 Sed
235 1364 294 1411 iis,
317 1378 414 1416 quas
434 1377 589 1415 semper
608 1363 650 1402 in
671 1368 709 1401 te
729 1362 908 1401 intellexi
927 1362 1032 1409 sitas,

141 1429 237 1468 Fide
257 1434 297 1467 et
315 1428 597 1467 taciturnitate.
683 1429 748 1467 So.
789 1428 990 1480 Exspecto
1009 1427 1105 1481 quid
1124 1427 1231 1467 velis.

141 1497 197 1533 31.
239 1496 324 1547 Ego
343 1501 553 1548 postquam
573 1501 611 1533 te
631 1494 721 1542 emi,
743 1508 767 1533 a
785 1494 949 1547 parvulo
967 1499 1013 1533 ut
1032 1508 1188 1548 semper
1205 1493 1282 1534 tibi

141 1560 265 1612 Apud
283 1574 348 1599 me
361 1560 471 1613 justa
491 1566 530 1599 et
549 1560 723 1599 clemens
743 1559 864 1598 fuerit
882 1560 1061 1607 servitus,

143 1628 225 1666 Scis
243 1642 251 1665 :
281 1627 370 1675 feci,
392 1641 442 1665 ex
461 1641 574 1665 servo
591 1632 638 1665 ut
657 1640 759 1665 esses
778 1625 941 1665 libertus
962 1625 1071 1674 mihi,
1563 1627 1613 1663 10

144 1695 357 1746 Propterea
376 1693 482 1746 quod
501 1693 674 1732 servibas
692 1692 918 1731 liberaliter.

143 1759 261 1804 Quod
278 1759 400 1798 habui
419 1750 620 1798 summum
639 1759 822 1811 pretium,
843 1757 1013 1811 persolvi
1031 1758 1115 1797 tibi.

123 1817 211 1863 ‘So.
251 1825 301 1863 In
322 1824 512 1863 memoria
530 1824 668 1863 habeo.
736 1824 792 1862 Sr.
836 1823 959 1863 Haud
979 1830 1090 1862 muto
1109 1824 1271 1863 factum.
1338 1824 1404 1863 So.
1435 1823 1616 1872 Gaudeo,

146 1890 187 1928 Si
206 1889 278 1928 tibi
298 1889 392 1942 quid
410 1889 487 1928 fec-i
507 1894 575 1927 aut
593 1889 707 1936 facio,
728 1889 834 1941 quod
851 1889 1017 1940 placeat,
1042 1889 1150 1927 Simo
1165 1903 1175 1937 3

148 1957 200 1995 Et
217 1956 259 1995 id
276 1962 435 2008 gratum
453 1955 573 1994 fuisse
594 1955 805 1993 advorsum
826 1961 864 1993 te
883 1955 1010 1994 habeo
1029 1955 1211 2007 gratiam.
1566 1957 1616 1994 15

148 2024 226 2063 Sed
244 2023 319 2062 1100
339 2022 438 2061 1111111
455 2021 667 2060 molestum
682 2021 750 2060 'st:
780 2035 875 2060 nam
894 2021 1004 2060 istaec
1024 2022 1346 2060 commemoratio

149 2090 271 2134 Quasi
291 2089 539 2142 exprobratio
558 2094 618 2127 est
635 2088 878 2127 immemoris
896 2088 1077 2127 benefici.

149 2157 256 2201 Quin
277 2163 321 2195 tu
338 2170 419 2195 uno
439 2157 559 2195 verbo
579 2155 653 2203 die,
676 2155 771 2208 quid
791 2161 849 2194 est
869 2154 975 2207 quod
993 2168 1058 2194 me
1076 2154 1185 2194 velis.

149 2224 207 2261 S1.
249 2222 312 2260 Ita
331 2222 474 2260 faciam
492 2236 500 2259 :
531 2221 605 2260 1100
625 2221 801 2273 primum
821 2221 863 2259 in
877 2220 951 2259 hac
971 2234 1013 2259 re
1032 2220 1207 2273 praedico
1225 2220 1297 2260 tibi
1314 2235 1322 2259 ε

151 2292 259 2334 Quas
276 2289 401 2328 credis
421 2303 503 2328 esse
522 2289 605 2337 has,
627 2302 708 2327 non
728 2294 821 2327 sunt
839 2302 944 2328 verae
963 2288 1127 2341 nuptiae.
1569 2291 1622 2327 20

152 2357 217 2394 So.
261 2356 340 2394 Cur
360 2355 520 2394 simulas
540 2355 683 2407 igitur?
767 2355 822 2393 S1.
866 2354 969 2392 Rem
988 2354 1149 2393 omnem
1168 2367 1192 2393 a
1210 2353 1407 2408 principio
1426 2353 1560 2394 audies
1586 2369 1598 2397 2

153 2422 211 2460 Eo
230 2428 347 2474 pacto
368 2427 407 2460 et
425 2421 538 2474 gnati
558 2420 682 2459 vitam
703 2425 743 2459 et
761 2419 970 2459 consilium
990 2433 1125 2458 meum

153 2488 376 2539 Cognosces
393 2501 401 2525 :
433 2493 472 2526 et
492 2487 588 2539 quid
605 2486 735 2525 facere
755 2486 797 2524 in
816 2485 891 2523 hac
911 2498 953 2523 re
973 2490 1012 2523 te
1032 2484 1164 2533 velim.

155 2554 261 2593 Nam
281 2555 313 2592 is
332 2560 542 2606 postquam
562 2552 730 2592 excessit
749 2565 800 2590 ex
819 2550 992 2603 ephebis,
1015 2550 1136 2598 Sosia,

158 2622 337 2661 Liberius
356 2620 517 2659 vivendi
536 2620 614 2658 fuit
631 2625 804 2672 potestas
820 2633 829 2666 ;
862 2632 956 2656 113111
975 2623 1094 2656 antea
1570 2617 1621 2654 25

156 2689 236 2733 Qui
256 2689 354 2727 scire
373 2701 518 2740 posses,
540 2693 608 2725 aut
626 2686 833 2738 ingenium
854 2698 1028 2733 noscere,

156 2755 265 2792 Dum
285 2759 392 2801 aetas,
414 2759 554 2800 metus,
575 2752 764 2804 magister
781 2750 1073 2803 prohibebant?
1154 2748 1220 2787 So.
1263 2747 1325 2786 Ita
1344 2753 1414 2786 est.

158 2822 214 2859 S1.
254 2820 370 2864 Quod
388 2819 565 2872 plerique
585 2832 722 2857 omnes
741 2818 892 2858 faciunt
912 2814 1206 2863 adulescentuli,
