1670 3080
162 135 228 184 96
550 152 808 186 HEAUTON
845 154 1248 188 TIMORUMENos.

163 237 325 278 Etenim
345 252 426 293 quo
446 244 565 292 pacto
582 239 624 280 id
641 238 728 280 fieri
747 239 882 288 soleat,
903 239 1039 280 calleo.

162 307 237 344 Cn.
268 305 398 345 Tanto
417 304 548 346 hercle
569 306 719 347 melior.
806 307 870 346 SY.
903 307 997 346 Non
1019 313 1077 346 est
1096 307 1257 346 mentiri
1278 321 1427 349 meum.

159 371 240 411 Cn.
263 372 343 412 Fac
359 386 478 425 ergo„
524 374 591 413 Sr.
615 373 670 412 At
687 372 786 413 heus
802 380 857 422 tu,
874 374 994 413 facito
1009 374 1107 413 dum
1122 373 1264 413 eadem
1279 374 1367 415 haec
1381 376 1625 428 memineris,
1666 403 1669 405 -

159 439 201 479 Si
226 440 321 493 quid
341 440 458 494 hujus
477 441 605 480 simile
625 440 725 480 forte
746 442 959 494 aliquando
979 442 1168 490 evenerit,
1572 449 1626 486 40

157 506 213 546 Ut
233 514 325 547 sunt
343 507 530 557 humana,
553 514 644 548 tuus
662 514 708 547 ut
727 509 846 549 faciat
865 508 980 548 filius.
1417 501 1422 505 ”
1505 518 1508 519 ’
1555 514 1560 521 “

157 574 232 614 Cn.
263 574 355 613 Non
378 588 471 614 usus
490 575 634 624 veniet,
658 589 783 628 spero.
870 576 936 616 SY.
969 577 1092 630 Spero
1111 577 1244 619 hercle
1265 593 1339 633 ego
1358 593 1540 635 quoque:
1610 583 1618 587 ”

155 641 299 695 Neque
320 656 366 682 eo
385 656 493 682 nunc
513 643 611 692 dico,
644 657 722 696 quo
742 643 955 697 quicquam
975 644 1089 684 illum
1109 648 1323 687 senserim:

156 709 235 749 Sed
255 710 287 749 si
308 710 414 762 quid,
445 723 497 749 ne
517 711 610 764 quid
626 726 635 760 ;
667 725 756 763 quae
778 711 828 750 sit
848 711 931 764 ejus
951 717 1062 759 aetas,
1089 712 1202 752 vides
1219 727 1228 752 :

154 777 209 816 Et
227 791 291 817 nae
312 792 385 831 ego
405 784 456 827 te,
487 778 519 816 si
538 792 631 817 usus
650 779 798 827 veniat,
829 779 1052 832 magnifice,
1085 779 1267 830 Chreme,
1568 785 1620 823 45

153 844 340 884 Tractare
360 846 520 898 possim.
607 846 683 884 Cn.
714 846 777 886 De
798 846 908 896 istoc,
940 861 1031 887 cum
1052 861 1150 888 usus
1171 849 1337 899 venerit,

154 912 401 961 Videbimus,
434 913 540 966 quod
561 926 657 966 opus
678 914 749 953 sit:
779 928 888 954 nunc
908 915 1008 955 istuc
1029 929 1114 968 age.

154 981 221 1020 SY.
251 981 468 1034 Nunquam
491 982 738 1022 commodius
758 997 934 1036 unquam
954 983 1096 1024 herum
1117 985 1252 1025 audivi
1270 986 1390 1040 loqui,

151 1047 238 1087 Nec
258 1062 350 1087 cum
370 1049 603 1088 malefacere
625 1049 826 1088 crederem
848 1051 902 1091 mi
923 1050 1124 1104 impunius

151 1115 290 1157 Licere
305 1118 554 1173 :—quisnam
573 1131 597 1157 a
617 1118 730 1158 nobis
750 1118 949 1172 egreditur
968 1117 1102 1159 foras?
1564 1124 1616 1161 50

556 1313 735 1354 ACTUS
766 1314 849 1353 111.
909 1313 1092 1353 SCENA
1123 1314 1206 1355 111.

527 1420 742 1459 CHREMES.
802 1420 1020 1459 Cm’rn'no.
1086 1420 1233 1460 Snus.

146 1527 221 1566 Cn.
253 1525 360 1571 Quid
388 1525 501 1573 istuc,
533 1524 696 1578 quaeso?
735 1523 803 1577 qui
832 1523 919 1563 istic
949 1537 1034 1562 mos
1063 1529 1133 1572 est,
1165 1523 1368 1578 Clitipho?
1394 1525 1501 1566 itane
1529 1527 1612 1568 fieri

309 1593 488 1646 oportet?

147 1662 216 1700 CL.
248 1661 356 1705 Quid
377 1674 451 1713 ego
470 1659 574 1699 feci?
658 1659 734 1699 Cu.
766 1658 903 1698 Vidin’
924 1660 998 1712 ego
1017 1663 1056 1699 te
1077 1658 1194 1699 modo
1214 1673 1380 1701 manum
1411 1660 1451 1701 in
1479 1661 1612 1702 sinum

306 1728 399 1768 huic
420 1727 619 1767 meretrici

147 1796 355 1836 Inserere?
412 1797 478 1835 SY.
501 1795 606 1834 Acta
625 1794 712 1834 haec
728 1807 789 1834 res
805 1800 885 1834 est:
906 1794 1027 1847 perii!
1086 1794 1157 1835 Cn.
1179 1793 1334 1835 Mene?
1389 1795 1466 1835 Cn.
1488 1795 1612 1836 Hisce

307 1863 441 1912 oculis,
469 1877 521 1902 ne
540 1876 659 1915 nega.

144 1932 258 1972 Facis
278 1932 376 1971 adeo
396 1930 560 1982 indigne
580 1929 766 1982 injuriam
787 1929 855 1977 illi,
887 1929 956 1981 qui
976 1942 1057 1968 non
1078 1928 1278 1970 abstineas
1297 1942 1490 1970 manum:

143 1997 250 2037 Nam
270 1997 379 2036 istaec.
399 1996 561 2050 quidem
582 1995 824 2035 contumelia
843 2001 911 2043 est,
1583 2001 1608 2037 5

142 2065 363 2104 Hominem
387 2064 561 2104 amicum
581 2063 758 2116 recipere
779 2062 829 2102 ad
850 2068 900 2110 te,
931 2067 1051 2114 atque
1071 2062 1156 2115 ejus
1176 2062 1351 2106 amicam,
1367 2063 1596 2117 subigitare.

140 2132 218 2172 Vel
255 2131 341 2171 heri
373 2131 416 2170 in
453 2131 549 2170 vino
588 2143 710 2183 quam
749 2129 1010 2168 immodestus
1046 2127 1179 2167 fuisti!
1297 2129 1366 2168 SY.
1427 2129 1606 2175 Factum.

302 2198 377 2236 Cu.
409 2197 540 2240 Quam
561 2194 777 2234 molestus!

139 2264 194 2304 Ut
214 2264 410 2317 equidem,
432 2263 488 2302 ita
506 2276 571 2302 me
587 2262 641 2301 Di
662 2267 810 2309 ament,
826 2260 962 2309 metui,
979 2260 1075 2313 quid
1094 2259 1274 2300 futurum
1290 2260 1462 2315 denique
1481 2265 1605 2304 esset!

137 2331 243 2371 Novi
264 2345 337 2384 ego
357 2337 537 2371 amantes
549 2345 559 2380 ;
582 2330 764 2370 animum
784 2329 998 2368 advertunt
1015 2328 1200 2380 graviter,
1217 2341 1307 2382 quae
1322 2341 1407 2375 non
1427 2343 1602 2372 censeas.
1644 2337 1646 2339 ’

136 2397 206 2437 CL.
236 2402 293 2438 At
313 2397 410 2437 fides
430 2397 487 2436 mi
507 2397 613 2450 apud
634 2396 741 2435 hunc
762 2402 831 2442 est,
849 2395 905 2434 nil
927 2409 991 2435 me
1012 2395 1124 2434 istius
1143 2395 1352 2444 facturum,
1369 2401 1493 2449 pater.
1516 2452 1521 2455 ¹
1554 2401 1604 2438 10

134 2465 209 2504 Cu.
241 2463 360 2503 Esto:
391 2470 432 2503 at
452 2470 557 2504 certe
586 2463 780 2503 concedas
808 2450 902 2502 hinc
932 2462 1065 2515 aliquo
1093 2462 1144 2502 ab
1172 2475 1240 2502 ore
1260 2475 1399 2503 eorum
1421 2462 1603 2518 aliquan-

297 2533 431 2585 tisper.

131 2599 266 2639 Multa
284 2600 362 2639 fert
379 2599 524 2639 libido:
555 2611 602 2638 ea
621 2597 803 2650 prohibet
822 2597 952 2636 facere
973 2602 1041 2635 tua
1059 2595 1284 2649 praesentia.

131 2668 217 2720 Ego
238 2667 286 2706 de
307 2681 370 2706 me
391 2666 495 2706 facio
514 2665 806 2718 conjecturam:
837 2663 1006 2703 nemo'st
1026 2675 1208 2701 meorum
1227 2661 1447 2703 amicorum
1466 2662 1595 2713 hodie,
1625 2667 1628 2670 ’

127 2734 250 2786 Apud
271 2746 390 2786 quem
410 2745 640 2785 expromere
661 2730 795 2770 omnia
814 2743 905 2769 mea
924 2728 1089 2777 occulta,
1112 2727 1296 2781 Clitipho,
1317 2728 1501 2770 audeam.

129 2800 251 2852 Apud
271 2799 393 2839 alium
414 2798 596 2852 prohibet
616 2798 788 2851 dignitas
803 2811 813 2845 ;
845 2796 951 2849 apud
971 2795 1094 2837 alium
1114 2795 1239 2848 ipsius
1257 2793 1352 2834 facti
1370 2796 1518 2851 pudet;
1545 2799 1592 2838 15

126 2866 190 2906 Ne
211 2868 380 2920 ineptuS,
402 2880 453 2906 ne
472 2871 676 2920 protervos
695 2865 854 2905 videar:
886 2863 991 2917 quod
1010 2859 1124 2903 illum
1143 2862 1273 2902 facere
1292 2862 1454 2904 credito.
