<?xml version="1.0" encoding="UTF-8"?>
<!DOCTYPE html PUBLIC "-//W3C//DTD XHTML 1.0 Transitional//EN"
    "http://www.w3.org/TR/xhtml1/DTD/xhtml1-transitional.dtd">
<html xmlns="http://www.w3.org/1999/xhtml" xml:lang="en" lang="en">
 <head>
  <title>
</title>
<meta http-equiv="Content-Type" content="text/html;charset=utf-8" />
  <meta name='ocr-system' content='tesseract 3.04.00' />
  <meta name='ocr-capabilities' content='ocr_page ocr_carea ocr_par ocr_line ocrx_word'/>
</head>
<body>
  <div class='ocr_page' id='page_1' title='image "./comoediaesext00tereuoft_0227.png"; bbox 0 0 1670 3080; ppageno 0'>
   <div class='ocr_carea' id='block_1_1' title="bbox 536 113 1553 161">
    <p class='ocr_par' dir='ltr' id='par_1_1' title="bbox 536 113 1553 161">
     <span class='ocr_line' id='line_1_1' title="bbox 536 113 1553 161; baseline 0.005 -7"><span class='ocrx_word' id='word_1_1' title='bbox 536 122 695 155; x_wconf 76' lang='lat' dir='ltr'>Ac‘ms</span> <span class='ocrx_word' id='word_1_2' title='bbox 722 121 756 153; x_wconf 88' lang='lat'>1.</span> <span class='ocrx_word' id='word_1_3' title='bbox 827 122 991 154; x_wconf 84' lang='lat' dir='ltr'>SCENA</span> <span class='ocrx_word' id='word_1_4' title='bbox 1027 123 1107 154; x_wconf 89' lang='lat'>111.</span> <span class='ocrx_word' id='word_1_5' title='bbox 1461 113 1553 161; x_wconf 83' lang='lat'>189</span> 
     </span>
    </p>
   </div>
   <div class='ocr_carea' id='block_1_2' title="bbox 66 206 1561 1126">
    <p class='ocr_par' dir='ltr' id='par_1_2' title="bbox 79 206 1561 393">
     <span class='ocr_line' id='line_1_2' title="bbox 82 206 1506 262; baseline 0.004 -15"><span class='ocrx_word' id='word_1_6' title='bbox 82 206 218 248; x_wconf 87' lang='lat' dir='ltr'>Hem!</span> <span class='ocrx_word' id='word_1_7' title='bbox 248 207 349 247; x_wconf 88' lang='lat' dir='ltr'>istuc</span> <span class='ocrx_word' id='word_1_8' title='bbox 367 206 493 247; x_wconf 85' lang='lat' dir='ltr'>viri&#39;st</span> <span class='ocrx_word' id='word_1_9' title='bbox 512 207 700 247; x_wconf 89' lang='lat' dir='ltr'>officium.</span> <span class='ocrx_word' id='word_1_10' title='bbox 782 208 859 247; x_wconf 68' lang='lat' dir='ltr'>Gn.</span> <span class='ocrx_word' id='word_1_11' title='bbox 901 207 951 246; x_wconf 92' lang='lat' dir='ltr'>In</span> <span class='ocrx_word' id='word_1_12' title='bbox 971 221 1036 247; x_wconf 88' lang='lat' dir='ltr'>me</span> <span class='ocrx_word' id='word_1_13' title='bbox 1058 208 1188 247; x_wconf 88' lang='lat' dir='ltr'>omnis</span> <span class='ocrx_word' id='word_1_14' title='bbox 1207 223 1297 262; x_wconf 88' lang='lat' dir='ltr'>spes</span> <span class='ocrx_word' id='word_1_15' title='bbox 1315 210 1416 250; x_wconf 91' lang='lat' dir='ltr'>mihi</span> <span class='ocrx_word' id='word_1_16' title='bbox 1436 218 1506 252; x_wconf 88' lang='lat' dir='ltr'>est.</span> 
     </span>
     <span class='ocr_line' id='line_1_3' title="bbox 81 273 1561 328; baseline 0.004 -16"><span class='ocrx_word' id='word_1_17' title='bbox 81 273 162 313; x_wconf 78' lang='lat' dir='ltr'>DA.</span> <span class='ocrx_word' id='word_1_18' title='bbox 203 273 354 314; x_wconf 85' lang='lat' dir='ltr'>Laudo.</span> <span class='ocrx_word' id='word_1_19' title='bbox 441 275 519 314; x_wconf 73' lang='lat' dir='ltr'>Gn.</span> <span class='ocrx_word' id='word_1_20' title='bbox 561 275 629 314; x_wconf 94' lang='lat' dir='ltr'>Ad</span> <span class='ocrx_word' id='word_1_21' title='bbox 650 280 898 328; x_wconf 86' lang='lat' dir='ltr'>precatorem</span> <span class='ocrx_word' id='word_1_22' title='bbox 918 275 1072 322; x_wconf 86' lang='lat' dir='ltr'><strong>adeam,</strong></span> <span class='ocrx_word' id='word_1_23' title='bbox 1095 275 1224 324; x_wconf 89' lang='lat' dir='ltr'>credo,</span> <span class='ocrx_word' id='word_1_24' title='bbox 1247 276 1315 328; x_wconf 91' lang='lat' dir='ltr'>qui</span> <span class='ocrx_word' id='word_1_25' title='bbox 1334 275 1434 316; x_wconf 83' lang='lat' dir='ltr'>mihi</span> <span class='ocrx_word' id='word_1_26' title='bbox 1508 282 1561 318; x_wconf 87' lang='grc'>90</span> 
     </span>
     <span class='ocr_line' id='line_1_4' title="bbox 79 339 1133 393; baseline 0.001 -14"><span class='ocrx_word' id='word_1_27' title='bbox 79 339 143 380; x_wconf 85' lang='lat' dir='ltr'>Sic</span> <span class='ocrx_word' id='word_1_28' title='bbox 163 346 274 380; x_wconf 87' lang='lat' dir='ltr'>oret:</span> <span class='ocrx_word' id='word_1_29' title='bbox 306 340 427 380; x_wconf 77' lang='lat' dir='ltr'>Nunc</span> <span class='ocrx_word' id='word_1_30' title='bbox 448 340 598 388; x_wconf 81' lang='lat' dir='ltr'>amitte,</span> <span class='ocrx_word' id='word_1_31' title='bbox 622 354 768 393; x_wconf 87' lang='lat' dir='ltr'>quaeso,</span> <span class='ocrx_word' id='word_1_32' title='bbox 790 340 898 380; x_wconf 90' lang='lat' dir='ltr'>hunc</span> <span class='ocrx_word' id='word_1_33' title='bbox 916 354 924 379; x_wconf 91' lang='lat'>:</span> <span class='ocrx_word' id='word_1_34' title='bbox 956 346 1133 380; x_wconf 87' lang='lat' dir='ltr'>ceterum</span> 
     </span>
    </p>

    <p class='ocr_par' dir='ltr' id='par_1_3' title="bbox 78 404 1122 459">
     <span class='ocr_line' id='line_1_5' title="bbox 78 404 1122 459; baseline 0.002 -15"><span class='ocrx_word' id='word_1_35' title='bbox 78 404 248 445; x_wconf 82' lang='lat' dir='ltr'><strong>Posthac</strong></span> <span class='ocrx_word' id='word_1_36' title='bbox 269 406 301 445; x_wconf 87' lang='lat' dir='ltr'>si</span> <span class='ocrx_word' id='word_1_37' title='bbox 322 406 546 459; x_wconf 87' lang='lat' dir='ltr'>quicquam,</span> <span class='ocrx_word' id='word_1_38' title='bbox 568 406 626 445; x_wconf 89' lang='lat' dir='ltr'>nil</span> <span class='ocrx_word' id='word_1_39' title='bbox 644 420 810 459; x_wconf 89' lang='lat' dir='ltr'>precor:</span> <span class='ocrx_word' id='word_1_40' title='bbox 842 407 1122 446; x_wconf 87' lang='lat' dir='ltr'>tantummodo</span> 
     </span>
    </p>

    <p class='ocr_par' dir='ltr' id='par_1_4' title="bbox 75 470 1375 525">
     <span class='ocr_line' id='line_1_6' title="bbox 75 470 1375 525; baseline 0.002 -15"><span class='ocrx_word' id='word_1_41' title='bbox 75 470 169 510; x_wconf 89' lang='lat' dir='ltr'>Non</span> <span class='ocrx_word' id='word_1_42' title='bbox 189 471 324 512; x_wconf 84' lang='lat' dir='ltr'>addit:</span> <span class='ocrx_word' id='word_1_43' title='bbox 357 472 437 512; x_wconf 92' lang='lat' dir='ltr'>Ubi</span> <span class='ocrx_word' id='word_1_44' title='bbox 457 486 532 525; x_wconf 87' lang='lat' dir='ltr'>ego</span> <span class='ocrx_word' id='word_1_45' title='bbox 550 472 645 512; x_wconf 91' lang='lat' dir='ltr'>hinc</span> <span class='ocrx_word' id='word_1_46' title='bbox 666 473 813 520; x_wconf 84' lang='lat' dir='ltr'>abiero,</span> <span class='ocrx_word' id='word_1_47' title='bbox 836 473 898 512; x_wconf 92' lang='lat' dir='ltr'>vel</span> <span class='ocrx_word' id='word_1_48' title='bbox 919 473 1100 512; x_wconf 83' lang='lat' dir='ltr'>occidito.</span> <span class='ocrx_word' id='word_1_49' title='bbox 1206 480 1241 512; x_wconf 58' lang='grc' dir='ltr'>[ι’.</span> <span class='ocrx_word' id='word_1_50' title='bbox 1259 472 1375 513; x_wconf 49' lang='lat' dir='ltr'>esst-¹4²4„</span> 
     </span>
    </p>

    <p class='ocr_par' dir='ltr' id='par_1_5' title="bbox 76 527 1088 593">
     <span class='ocr_line' id='line_1_7' title="bbox 76 527 1088 593; baseline 0.001 -15"><span class='ocrx_word' id='word_1_51' title='bbox 76 538 156 578; x_wconf 74' lang='lat' dir='ltr'>DA.</span> <span class='ocrx_word' id='word_1_52' title='bbox 196 527 304 584; x_wconf 58' lang='lat' dir='ltr'>Quid</span> <span class='ocrx_word' id='word_1_53' title='bbox 323 540 568 593; x_wconf 87' lang='lat' dir='ltr'>paedagogus</span> <span class='ocrx_word' id='word_1_54' title='bbox 587 540 665 589; x_wconf 91' lang='lat' dir='ltr'>ille,</span> <span class='ocrx_word' id='word_1_55' title='bbox 689 540 756 592; x_wconf 92' lang='lat' dir='ltr'>qui</span> <span class='ocrx_word' id='word_1_56' title='bbox 776 539 1088 579; x_wconf 83' lang='lat' dir='ltr'>citharistriam?</span> 
     </span>
    </p>

    <p class='ocr_par' dir='ltr' id='par_1_6' title="bbox 72 604 1552 725">
     <span class='ocr_line' id='line_1_8' title="bbox 73 604 1552 659; baseline 0.003 -15"><span class='ocrx_word' id='word_1_57' title='bbox 73 604 182 649; x_wconf 83' lang='lat' dir='ltr'><strong>Quid</strong></span> <span class='ocrx_word' id='word_1_58' title='bbox 200 606 258 644; x_wconf 90' lang='lat' dir='ltr'>rei</span> <span class='ocrx_word' id='word_1_59' title='bbox 276 606 409 659; x_wconf 87' lang='lat' dir='ltr'>gerit?</span> <span class='ocrx_word' id='word_1_60' title='bbox 467 607 544 646; x_wconf 73' lang='lat' dir='ltr'>GE.</span> <span class='ocrx_word' id='word_1_61' title='bbox 577 607 653 655; x_wconf 87' lang='lat' dir='ltr'>Sic,</span> <span class='ocrx_word' id='word_1_62' title='bbox 676 607 859 646; x_wconf 91' lang='lat' dir='ltr'>tenuiter.</span> <span class='ocrx_word' id='word_1_63' title='bbox 917 607 998 645; x_wconf 81' lang='lat' dir='ltr'>DA.</span> <span class='ocrx_word' id='word_1_64' title='bbox 1030 606 1124 646; x_wconf 92' lang='lat' dir='ltr'>Non</span> <span class='ocrx_word' id='word_1_65' title='bbox 1144 606 1316 646; x_wconf 89' lang='lat' dir='ltr'>multum</span> <span class='ocrx_word' id='word_1_66' title='bbox 1335 607 1469 657; x_wconf 82' lang='lat' dir='ltr'>habet,</span> <span class='ocrx_word' id='word_1_67' title='bbox 1501 611 1552 649; x_wconf 85' lang='lat'>95</span> 
     </span>
     <span class='ocr_line' id='line_1_9' title="bbox 72 671 1377 725; baseline 0.002 -15"><span class='ocrx_word' id='word_1_68' title='bbox 72 671 192 716; x_wconf 79' lang='lat' dir='ltr'>Quod</span> <span class='ocrx_word' id='word_1_69' title='bbox 211 671 278 711; x_wconf 90' lang='lat' dir='ltr'>det</span> <span class='ocrx_word' id='word_1_70' title='bbox 296 673 461 712; x_wconf 88' lang='lat' dir='ltr'>fortasse</span> <span class='ocrx_word' id='word_1_71' title='bbox 479 673 495 712; x_wconf 89' lang='lat'>?</span> <span class='ocrx_word' id='word_1_72' title='bbox 580 674 657 712; x_wconf 71' lang='lat' dir='ltr'>Gn.</span> <span class='ocrx_word' id='word_1_73' title='bbox 699 673 832 711; x_wconf 91' lang='lat' dir='ltr'>Immo</span> <span class='ocrx_word' id='word_1_74' title='bbox 851 671 963 720; x_wconf 87' lang='lat' dir='ltr'>nihil,</span> <span class='ocrx_word' id='word_1_75' title='bbox 985 672 1063 711; x_wconf 90' lang='lat' dir='ltr'>nisi</span> <span class='ocrx_word' id='word_1_76' title='bbox 1082 686 1194 725; x_wconf 92' lang='lat' dir='ltr'>spem</span> <span class='ocrx_word' id='word_1_77' title='bbox 1213 687 1377 713; x_wconf 87' lang='lat' dir='ltr'>meram.</span> 
     </span>
    </p>

    <p class='ocr_par' dir='ltr' id='par_1_7' title="bbox 70 738 1552 861">
     <span class='ocr_line' id='line_1_10' title="bbox 70 738 1552 794; baseline 0.003 -17"><span class='ocrx_word' id='word_1_78' title='bbox 70 738 150 779; x_wconf 76' lang='lat' dir='ltr'>DA.</span> <span class='ocrx_word' id='word_1_79' title='bbox 183 739 302 780; x_wconf 90' lang='lat' dir='ltr'>Pater</span> <span class='ocrx_word' id='word_1_80' title='bbox 314 741 398 794; x_wconf 89' lang='lat' dir='ltr'>ejus</span> <span class='ocrx_word' id='word_1_81' title='bbox 414 741 544 789; x_wconf 83' lang='lat' dir='ltr'>rediit,</span> <span class='ocrx_word' id='word_1_82' title='bbox 562 741 728 780; x_wconf 78' lang='lat' dir='ltr'>annon?</span> <span class='ocrx_word' id='word_1_83' title='bbox 777 741 854 780; x_wconf 67' lang='lat' dir='ltr'>GE.</span> <span class='ocrx_word' id='word_1_84' title='bbox 886 739 1092 778; x_wconf 91' lang='lat' dir='ltr'>Nondum.</span> <span class='ocrx_word' id='word_1_85' title='bbox 1142 739 1222 779; x_wconf 78' lang='lat' dir='ltr'>DA.</span> <span class='ocrx_word' id='word_1_86' title='bbox 1258 740 1396 784; x_wconf 83' lang='lat' dir='ltr'>Quid?</span> <span class='ocrx_word' id='word_1_87' title='bbox 1414 754 1552 781; x_wconf 89' lang='lat' dir='ltr'>senem</span> 
     </span>
     <span class='ocr_line' id='line_1_11' title="bbox 70 805 1295 861; baseline 0 -16"><span class='ocrx_word' id='word_1_88' title='bbox 70 805 212 850; x_wconf 83' lang='lat' dir='ltr'><strong>Quoad</strong></span> <span class='ocrx_word' id='word_1_89' title='bbox 230 808 470 861; x_wconf 81' lang='lat' dir='ltr'>exspectatis</span> <span class='ocrx_word' id='word_1_90' title='bbox 490 808 696 847; x_wconf 85' lang='lat' dir='ltr'>vostrum?</span> <span class='ocrx_word' id='word_1_91' title='bbox 781 807 858 846; x_wconf 70' lang='lat' dir='ltr'>Gn.</span> <span class='ocrx_word' id='word_1_92' title='bbox 899 806 993 845; x_wconf 93' lang='lat' dir='ltr'>Non</span> <span class='ocrx_word' id='word_1_93' title='bbox 1014 812 1167 846; x_wconf 87' lang='lat' dir='ltr'>eertum</span> <span class='ocrx_word' id='word_1_94' title='bbox 1187 807 1268 846; x_wconf 89' lang='lat' dir='ltr'>scio</span> <span class='ocrx_word' id='word_1_95' title='bbox 1286 821 1295 846; x_wconf 90' lang='lat'><strong>:</strong></span> 
     </span>
    </p>

    <p class='ocr_par' dir='ltr' id='par_1_8' title="bbox 71 871 1119 926">
     <span class='ocr_line' id='line_1_12' title="bbox 71 871 1119 926; baseline 0.001 -16"><span class='ocrx_word' id='word_1_96' title='bbox 71 871 150 911; x_wconf 88' lang='lat' dir='ltr'>Sed</span> <span class='ocrx_word' id='word_1_97' title='bbox 170 873 377 926; x_wconf 89' lang='lat' dir='ltr'>epistolam</span> <span class='ocrx_word' id='word_1_98' title='bbox 397 874 447 913; x_wconf 94' lang='lat' dir='ltr'>ab</span> <span class='ocrx_word' id='word_1_99' title='bbox 468 887 515 912; x_wconf 91' lang='lat' dir='ltr'>eo</span> <span class='ocrx_word' id='word_1_100' title='bbox 535 873 696 912; x_wconf 85' lang='lat' dir='ltr'>allatam</span> <span class='ocrx_word' id='word_1_101' title='bbox 717 886 800 912; x_wconf 88' lang='lat' dir='ltr'>esse</span> <span class='ocrx_word' id='word_1_102' title='bbox 820 872 955 911; x_wconf 86' lang='lat' dir='ltr'>audivi</span> <span class='ocrx_word' id='word_1_103' title='bbox 974 872 1094 912; x_wconf 92' lang='lat' dir='ltr'>modo</span> <span class='ocrx_word' id='word_1_104' title='bbox 1110 887 1119 912; x_wconf 91' lang='lat'>:</span> 
     </span>
    </p>

    <p class='ocr_par' dir='ltr' id='par_1_9' title="bbox 66 938 1547 1126">
     <span class='ocr_line' id='line_1_13' title="bbox 68 938 1547 992; baseline 0.003 -16"><span class='ocrx_word' id='word_1_105' title='bbox 68 938 121 977; x_wconf 85' lang='lat' dir='ltr'>Et</span> <span class='ocrx_word' id='word_1_106' title='bbox 139 939 190 978; x_wconf 84' lang='lat' dir='ltr'>ad</span> <span class='ocrx_word' id='word_1_107' title='bbox 208 939 421 992; x_wconf 77' lang='lat' dir='ltr'>portitores</span> <span class='ocrx_word' id='word_1_108' title='bbox 441 953 524 979; x_wconf 86' lang='lat' dir='ltr'>esse</span> <span class='ocrx_word' id='word_1_109' title='bbox 545 939 718 979; x_wconf 84' lang='lat' dir='ltr'>delatam</span> <span class='ocrx_word' id='word_1_110' title='bbox 733 953 743 988; x_wconf 91' lang='lat'>;</span> <span class='ocrx_word' id='word_1_111' title='bbox 774 939 879 978; x_wconf 87' lang='lat' dir='ltr'>hanc</span> <span class='ocrx_word' id='word_1_112' title='bbox 898 944 1046 992; x_wconf 88' lang='lat' dir='ltr'>petam.</span> <span class='ocrx_word' id='word_1_113' title='bbox 1471 943 1547 980; x_wconf 89' lang='lat'>100</span> 
     </span>
     <span class='ocr_line' id='line_1_14' title="bbox 66 1004 1429 1060; baseline 0.003 -17"><span class='ocrx_word' id='word_1_114' title='bbox 66 1004 146 1044; x_wconf 61' lang='lat' dir='ltr'>DA.</span> <span class='ocrx_word' id='word_1_115' title='bbox 187 1006 407 1060; x_wconf 88' lang='lat' dir='ltr'>Numquid,</span> <span class='ocrx_word' id='word_1_116' title='bbox 433 1008 548 1056; x_wconf 90' lang='lat' dir='ltr'>Geta,</span> <span class='ocrx_word' id='word_1_117' title='bbox 571 1006 679 1046; x_wconf 84' lang='lat' dir='ltr'>aliud</span> <span class='ocrx_word' id='word_1_118' title='bbox 698 1021 763 1045; x_wconf 92' lang='lat' dir='ltr'>me</span> <span class='ocrx_word' id='word_1_119' title='bbox 783 1006 873 1045; x_wconf 85' lang='lat' dir='ltr'>vis?</span> <span class='ocrx_word' id='word_1_120' title='bbox 959 1007 1037 1046; x_wconf 79' lang='lat' dir='ltr'>GE.</span> <span class='ocrx_word' id='word_1_121' title='bbox 1078 1006 1134 1045; x_wconf 93' lang='lat' dir='ltr'>Ut</span> <span class='ocrx_word' id='word_1_122' title='bbox 1152 1007 1255 1046; x_wconf 91' lang='lat' dir='ltr'>bene</span> <span class='ocrx_word' id='word_1_123' title='bbox 1277 1007 1327 1046; x_wconf 89' lang='lat' dir='ltr'>sit</span> <span class='ocrx_word' id='word_1_124' title='bbox 1345 1007 1429 1047; x_wconf 86' lang='lat' dir='ltr'>tibi.</span> 
     </span>
     <span class='ocr_line' id='line_1_15' title="bbox 66 1070 1294 1126; baseline 0.002 -16"><span class='ocrx_word' id='word_1_125' title='bbox 66 1070 182 1119; x_wconf 87' lang='lat' dir='ltr'>Puer,</span> <span class='ocrx_word' id='word_1_126' title='bbox 203 1071 329 1113; x_wconf 85' lang='lat' dir='ltr'>heus!</span> <span class='ocrx_word' id='word_1_127' title='bbox 360 1073 523 1112; x_wconf 89' lang='lat' dir='ltr'>nemon’</span> <span class='ocrx_word' id='word_1_128' title='bbox 543 1072 621 1112; x_wconf 90' lang='lat' dir='ltr'>huc</span> <span class='ocrx_word' id='word_1_129' title='bbox 642 1072 804 1126; x_wconf 82' lang='lat' dir='ltr'>prodit?</span> <span class='ocrx_word' id='word_1_130' title='bbox 832 1086 942 1126; x_wconf 86' lang='lat' dir='ltr'>cape,</span> <span class='ocrx_word' id='word_1_131' title='bbox 964 1072 1016 1112; x_wconf 92' lang='lat' dir='ltr'>da</span> <span class='ocrx_word' id='word_1_132' title='bbox 1034 1072 1111 1113; x_wconf 94' lang='lat' dir='ltr'>hoc</span> <span class='ocrx_word' id='word_1_133' title='bbox 1132 1073 1294 1113; x_wconf 88' lang='lat' dir='ltr'>Dorcio.</span> 
     </span>
    </p>
   </div>
   <div class='ocr_carea' id='block_1_3' title="bbox 504 1272 1103 1313">
    <p class='ocr_par' dir='ltr' id='par_1_10' title="bbox 504 1272 1103 1313">
     <span class='ocr_line' id='line_1_16' title="bbox 504 1272 1103 1313; baseline 0.002 -1"><span class='ocrx_word' id='word_1_134' title='bbox 504 1272 682 1312; x_wconf 92' lang='lat' dir='ltr'><strong>ACTUS</strong></span> <span class='ocrx_word' id='word_1_135' title='bbox 714 1273 746 1312; x_wconf 93' lang='grc' dir='ltr'>Ι.</span> <span class='ocrx_word' id='word_1_136' title='bbox 807 1273 988 1313; x_wconf 91' lang='lat' dir='ltr'>SCENA</span> <span class='ocrx_word' id='word_1_137' title='bbox 1020 1274 1103 1313; x_wconf 93' lang='grc' dir='ltr'><strong>ΙΙΙ.</strong></span> 
     </span>
    </p>
   </div>
   <div class='ocr_carea' id='block_1_4' title="bbox 25 1374 1046 1457">
    <p class='ocr_par' dir='ltr' id='par_1_11' title="bbox 25 1374 1046 1457">
     <span class='ocr_line' id='line_1_17' title="bbox 25 1374 1046 1452; baseline 0.002 -41"><span class='ocrx_word' id='word_1_138' title='bbox 25 1426 32 1435; x_wconf 13' lang='grc' dir='ltr'><strong><em>κ</em></strong></span> <span class='ocrx_word' id='word_1_139' title='bbox 75 1415 83 1430; x_wconf 27' lang='grc' dir='ltr'>β,</span> <span class='ocrx_word' id='word_1_140' title='bbox 100 1418 108 1426; x_wconf 62' lang='lat'><strong><em>„</em></strong></span> <span class='ocrx_word' id='word_1_141' title='bbox 239 1428 252 1452; x_wconf 30' lang='grc' dir='ltr'><strong><em>ἰ</em></strong></span> <span class='ocrx_word' id='word_1_142' title='bbox 330 1416 365 1434; x_wconf 36' lang='grc' dir='ltr'>μ</span> <span class='ocrx_word' id='word_1_143' title='bbox 555 1374 1046 1438; x_wconf 67' lang='lat' dir='ltr'>ANT1Pno.P}1AEDR1A.</span> 
     </span>
     <span class='ocr_line' id='line_1_18' title="bbox 89 1435 418 1457; baseline 0.009 -7"><span class='ocrx_word' id='word_1_144' title='bbox 89 1436 97 1443; x_wconf 73' lang='lat'>¹&#39;</span> <span class='ocrx_word' id='word_1_145' title='bbox 99 1440 130 1457; x_wconf 58' lang='lat' dir='ltr'><em>L</em></span> <span class='ocrx_word' id='word_1_146' title='bbox 173 1447 180 1450; x_wconf 72' lang='grc'>.,</span> <span class='ocrx_word' id='word_1_147' title='bbox 258 1440 306 1453; x_wconf 54' lang='grc'>«40,</span> <span class='ocrx_word' id='word_1_148' title='bbox 326 1435 396 1452; x_wconf 48' lang='grc' dir='ltr'>θ”ὠῐ</span> <span class='ocrx_word' id='word_1_149' title='bbox 414 1442 418 1445; x_wconf 83' lang='grc'><strong><em>’</em></strong></span> 
     </span>
    </p>
   </div>
   <div class='ocr_carea' id='block_1_5' title="bbox 58 1449 1589 2132">
    <p class='ocr_par' dir='ltr' id='par_1_12' title="bbox 63 1449 1535 1532">
     <span class='ocr_line' id='line_1_19' title="bbox 63 1449 1535 1532; baseline 0.002 -15"><span class='ocrx_word' id='word_1_150' title='bbox 63 1478 145 1517; x_wconf 86' lang='grc' dir='ltr'>ΑΝ.</span> <span class='ocrx_word' id='word_1_151' title='bbox 186 1476 343 1517; x_wconf 85' lang='lat' dir='ltr'>Adeon&#39;</span> <span class='ocrx_word' id='word_1_152' title='bbox 362 1490 449 1516; x_wconf 89' lang='lat' dir='ltr'>rem</span> <span class='ocrx_word' id='word_1_153' title='bbox 451 1454 628 1525; x_wconf 81' lang='lat' dir='ltr'>redisse,</span> <span class='ocrx_word' id='word_1_154' title='bbox 654 1449 710 1525; x_wconf 88' lang='lat' dir='ltr'>ut,</span> <span class='ocrx_word' id='word_1_155' title='bbox 733 1477 801 1529; x_wconf 94' lang='lat' dir='ltr'>qui</span> <span class='ocrx_word' id='word_1_156' title='bbox 820 1477 875 1516; x_wconf 90' lang='lat' dir='ltr'>mi</span> <span class='ocrx_word' id='word_1_157' title='bbox 897 1477 1121 1517; x_wconf 86' lang='lat' dir='ltr'>consultum</span> <span class='ocrx_word' id='word_1_158' title='bbox 1141 1484 1303 1532; x_wconf 89' lang='lat' dir='ltr'>optume</span> <span class='ocrx_word' id='word_1_159' title='bbox 1323 1479 1419 1519; x_wconf 90' lang='lat' dir='ltr'>velit</span> <span class='ocrx_word' id='word_1_160' title='bbox 1439 1494 1535 1530; x_wconf 89' lang='lat' dir='ltr'>esse,</span> 
     </span>
    </p>

    <p class='ocr_par' dir='ltr' id='par_1_13' title="bbox 63 1543 1589 1598">
     <span class='ocr_line' id='line_1_20' title="bbox 63 1543 1589 1598; baseline 0.002 -14"><span class='ocrx_word' id='word_1_161' title='bbox 63 1544 258 1594; x_wconf 84' lang='lat' dir='ltr'>Phaedria,</span> <span class='ocrx_word' id='word_1_162' title='bbox 272 1550 426 1598; x_wconf 89' lang='lat' dir='ltr'>patrem</span> <span class='ocrx_word' id='word_1_163' title='bbox 441 1549 487 1583; x_wconf 92' lang='lat' dir='ltr'>ut</span> <span class='ocrx_word' id='word_1_164' title='bbox 501 1543 771 1592; x_wconf 75' lang='lat' dir='ltr'>extimescam,</span> <span class='ocrx_word' id='word_1_165' title='bbox 788 1545 858 1583; x_wconf 91' lang='lat' dir='ltr'>ubi</span> <span class='ocrx_word' id='word_1_166' title='bbox 874 1544 957 1597; x_wconf 89' lang='lat' dir='ltr'>ejus</span> <span class='ocrx_word' id='word_1_167' title='bbox 972 1544 1135 1584; x_wconf 87' lang='lat' dir='ltr'>adventi</span> <span class='ocrx_word' id='word_1_168' title='bbox 1150 1546 1260 1585; x_wconf 91' lang='lat' dir='ltr'>venit</span> <span class='ocrx_word' id='word_1_169' title='bbox 1277 1546 1320 1585; x_wconf 93' lang='lat' dir='ltr'>in</span> <span class='ocrx_word' id='word_1_170' title='bbox 1334 1549 1538 1587; x_wconf 79' lang='lat' dir='ltr'>mentem?</span> <span class='ocrx_word' id='word_1_171' title='bbox 1587 1564 1589 1566; x_wconf 54' lang='lat'><strong><em>¹</em></strong></span> 
     </span>
    </p>

    <p class='ocr_par' dir='ltr' id='par_1_14' title="bbox 62 1611 1438 1665">
     <span class='ocr_line' id='line_1_21' title="bbox 62 1611 1438 1665; baseline 0 -13"><span class='ocrx_word' id='word_1_172' title='bbox 62 1613 181 1657; x_wconf 85' lang='lat' dir='ltr'>Quod</span> <span class='ocrx_word' id='word_1_173' title='bbox 199 1613 242 1651; x_wconf 91' lang='lat' dir='ltr'>ni</span> <span class='ocrx_word' id='word_1_174' title='bbox 260 1612 425 1652; x_wconf 82' lang='lat' dir='ltr'>fuissem&#39;</span> <span class='ocrx_word' id='word_1_175' title='bbox 445 1611 681 1664; x_wconf 86' lang='lat' dir='ltr'>incogitans,</span> <span class='ocrx_word' id='word_1_176' title='bbox 702 1611 759 1650; x_wconf 88' lang='lat' dir='ltr'>ita</span> <span class='ocrx_word' id='word_1_177' title='bbox 778 1624 870 1651; x_wconf 89' lang='lat' dir='ltr'>eum</span> <span class='ocrx_word' id='word_1_178' title='bbox 891 1617 1176 1664; x_wconf 84' lang='lat' dir='ltr'>exspectarem,</span> <span class='ocrx_word' id='word_1_179' title='bbox 1198 1618 1243 1651; x_wconf 95' lang='lat' dir='ltr'>ut</span> <span class='ocrx_word' id='word_1_180' title='bbox 1261 1626 1333 1665; x_wconf 86' lang='lat' dir='ltr'>par</span> <span class='ocrx_word' id='word_1_181' title='bbox 1351 1614 1438 1652; x_wconf 87' lang='lat' dir='ltr'>fuit.</span> 
     </span>
    </p>

    <p class='ocr_par' dir='ltr' id='par_1_15' title="bbox 63 1678 1536 1785">
     <span class='ocr_line' id='line_1_22' title="bbox 63 1678 1536 1733; baseline 0.002 -14"><span class='ocrx_word' id='word_1_182' title='bbox 63 1679 139 1719; x_wconf 72' lang='lat' dir='ltr'>Pa.</span> <span class='ocrx_word' id='word_1_183' title='bbox 180 1679 288 1723; x_wconf 83' lang='lat' dir='ltr'>Quid</span> <span class='ocrx_word' id='word_1_184' title='bbox 314 1679 444 1718; x_wconf 90' lang='lat' dir='ltr'>istuc?</span> <span class='ocrx_word' id='word_1_185' title='bbox 527 1679 609 1718; x_wconf 88' lang='grc' dir='ltr'>ΑΝ.</span> <span class='ocrx_word' id='word_1_186' title='bbox 651 1679 846 1731; x_wconf 81' lang='lat' dir='ltr'>Rogitas?</span> <span class='ocrx_word' id='word_1_187' title='bbox 876 1678 944 1731; x_wconf 90' lang='lat' dir='ltr'>qui</span> <span class='ocrx_word' id='word_1_188' title='bbox 973 1684 1055 1718; x_wconf 90' lang='lat' dir='ltr'>tam</span> <span class='ocrx_word' id='word_1_189' title='bbox 1081 1680 1242 1733; x_wconf 88' lang='lat' dir='ltr'>audacis</span> <span class='ocrx_word' id='word_1_190' title='bbox 1263 1680 1451 1721; x_wconf 86' lang='lat' dir='ltr'>facinoris</span> <span class='ocrx_word' id='word_1_191' title='bbox 1478 1683 1536 1722; x_wconf 88' lang='lat' dir='ltr'>mi</span> 
     </span>
     <span class='ocr_line' id='line_1_23' title="bbox 223 1740 1172 1785; baseline -0.006 -1"><span class='ocrx_word' id='word_1_192' title='bbox 223 1745 404 1785; x_wconf 89' lang='lat' dir='ltr'>conscius</span> <span class='ocrx_word' id='word_1_193' title='bbox 424 1745 502 1784; x_wconf 90' lang='lat' dir='ltr'>sis?</span> <span class='ocrx_word' id='word_1_194' title='bbox 1170 1740 1172 1743; x_wconf 75' lang='grc'>’</span> 
     </span>
    </p>

    <p class='ocr_par' dir='ltr' id='par_1_16' title="bbox 60 1810 1532 1863">
     <span class='ocr_line' id='line_1_24' title="bbox 60 1810 1532 1863; baseline 0.003 -13"><span class='ocrx_word' id='word_1_195' title='bbox 60 1811 179 1856; x_wconf 84' lang='lat' dir='ltr'>Quod</span> <span class='ocrx_word' id='word_1_196' title='bbox 195 1811 352 1850; x_wconf 89' lang='lat' dir='ltr'>utinam</span> <span class='ocrx_word' id='word_1_197' title='bbox 370 1824 422 1850; x_wconf 89' lang='lat' dir='ltr'>ne</span> <span class='ocrx_word' id='word_1_198' title='bbox 443 1810 676 1850; x_wconf 87' lang='lat' dir='ltr'>Phormioni</span> <span class='ocrx_word' id='word_1_199' title='bbox 694 1811 736 1850; x_wconf 92' lang='lat' dir='ltr'>id</span> <span class='ocrx_word' id='word_1_200' title='bbox 755 1811 920 1851; x_wconf 86' lang='lat' dir='ltr'>suadere</span> <span class='ocrx_word' id='word_1_201' title='bbox 939 1811 982 1851; x_wconf 92' lang='lat' dir='ltr'>in</span> <span class='ocrx_word' id='word_1_202' title='bbox 1001 1817 1179 1852; x_wconf 86' lang='lat' dir='ltr'>mentem</span> <span class='ocrx_word' id='word_1_203' title='bbox 1198 1813 1413 1863; x_wconf 86' lang='lat' dir='ltr'>incidisset,</span> <span class='ocrx_word' id='word_1_204' title='bbox 1508 1818 1532 1855; x_wconf 90' lang='lat'>5</span> 
     </span>
    </p>

    <p class='ocr_par' dir='ltr' id='par_1_17' title="bbox 60 1878 1410 1932">
     <span class='ocr_line' id='line_1_25' title="bbox 60 1878 1410 1932; baseline 0.001 -14"><span class='ocrx_word' id='word_1_205' title='bbox 60 1879 154 1918; x_wconf 87' lang='lat' dir='ltr'>Neu</span> <span class='ocrx_word' id='word_1_206' title='bbox 171 1892 236 1918; x_wconf 91' lang='lat' dir='ltr'>me</span> <span class='ocrx_word' id='word_1_207' title='bbox 257 1879 447 1932; x_wconf 90' lang='lat' dir='ltr'>cupidum</span> <span class='ocrx_word' id='word_1_208' title='bbox 468 1892 515 1918; x_wconf 93' lang='lat' dir='ltr'>eo</span> <span class='ocrx_word' id='word_1_209' title='bbox 535 1878 768 1931; x_wconf 83' lang='lat' dir='ltr'>impulisset,</span> <span class='ocrx_word' id='word_1_210' title='bbox 790 1878 897 1930; x_wconf 91' lang='lat' dir='ltr'>quod</span> <span class='ocrx_word' id='word_1_211' title='bbox 915 1878 973 1917; x_wconf 90' lang='lat' dir='ltr'>mi</span> <span class='ocrx_word' id='word_1_212' title='bbox 991 1879 1283 1932; x_wconf 83' lang='lat' dir='ltr'>principium’st</span> <span class='ocrx_word' id='word_1_213' title='bbox 1301 1881 1410 1920; x_wconf 81' lang='lat' dir='ltr'>mali.</span> 
     </span>
    </p>

    <p class='ocr_par' dir='ltr' id='par_1_18' title="bbox 59 1943 1369 1998">
     <span class='ocr_line' id='line_1_26' title="bbox 59 1943 1369 1998; baseline 0.002 -15"><span class='ocrx_word' id='word_1_214' title='bbox 59 1944 153 1984; x_wconf 92' lang='lat' dir='ltr'>Non</span> <span class='ocrx_word' id='word_1_215' title='bbox 172 1945 320 1998; x_wconf 84' lang='lat' dir='ltr'>potitus</span> <span class='ocrx_word' id='word_1_216' title='bbox 340 1958 466 1984; x_wconf 79' lang='lat' dir='ltr'>essem</span> <span class='ocrx_word' id='word_1_217' title='bbox 482 1958 490 1983; x_wconf 90' lang='lat'>:</span> <span class='ocrx_word' id='word_1_218' title='bbox 519 1944 659 1984; x_wconf 88' lang='lat' dir='ltr'>fuisset</span> <span class='ocrx_word' id='word_1_219' title='bbox 675 1948 762 1983; x_wconf 89' lang='lat' dir='ltr'>tum</span> <span class='ocrx_word' id='word_1_220' title='bbox 781 1943 868 1983; x_wconf 89' lang='lat' dir='ltr'>illos</span> <span class='ocrx_word' id='word_1_221' title='bbox 888 1944 945 1983; x_wconf 91' lang='lat' dir='ltr'>mi</span> <span class='ocrx_word' id='word_1_222' title='bbox 964 1958 1070 1997; x_wconf 86' lang='lat' dir='ltr'>aegre</span> <span class='ocrx_word' id='word_1_223' title='bbox 1092 1945 1244 1998; x_wconf 86' lang='lat' dir='ltr'>aliquot</span> <span class='ocrx_word' id='word_1_224' title='bbox 1262 1946 1369 1986; x_wconf 85' lang='lat' dir='ltr'>dies:</span> 
     </span>
    </p>

    <p class='ocr_par' dir='ltr' id='par_1_19' title="bbox 58 2009 1419 2064">
     <span class='ocr_line' id='line_1_27' title="bbox 58 2009 1419 2064; baseline 0.001 -14"><span class='ocrx_word' id='word_1_225' title='bbox 58 2012 117 2050; x_wconf 93' lang='lat' dir='ltr'>At</span> <span class='ocrx_word' id='word_1_226' title='bbox 134 2024 215 2051; x_wconf 90' lang='lat' dir='ltr'>non</span> <span class='ocrx_word' id='word_1_227' title='bbox 236 2011 467 2064; x_wconf 85' lang='lat' dir='ltr'>quotidiana</span> <span class='ocrx_word' id='word_1_228' title='bbox 486 2024 582 2050; x_wconf 88' lang='lat' dir='ltr'>cura</span> <span class='ocrx_word' id='word_1_229' title='bbox 599 2009 688 2050; x_wconf 88' lang='lat' dir='ltr'>haec</span> <span class='ocrx_word' id='word_1_230' title='bbox 707 2016 874 2063; x_wconf 87' lang='lat' dir='ltr'>angeret</span> <span class='ocrx_word' id='word_1_231' title='bbox 892 2010 1086 2050; x_wconf 81' lang='lat' dir='ltr'>animum.</span> <span class='ocrx_word' id='word_1_232' title='bbox 1173 2012 1249 2052; x_wconf 71' lang='lat' dir='ltr'>Pa.</span> <span class='ocrx_word' id='word_1_233' title='bbox 1272 2012 1419 2052; x_wconf 86' lang='lat' dir='ltr'>Audio.</span> 
     </span>
    </p>

    <p class='ocr_par' dir='ltr' id='par_1_20' title="bbox 58 2078 1530 2132">
     <span class='ocr_line' id='line_1_28' title="bbox 58 2078 1530 2132; baseline 0.001 -14"><span class='ocrx_word' id='word_1_234' title='bbox 58 2079 139 2118; x_wconf 84' lang='grc' dir='ltr'>ΑΝ.</span> <span class='ocrx_word' id='word_1_235' title='bbox 179 2079 290 2118; x_wconf 88' lang='lat' dir='ltr'>Dum</span> <span class='ocrx_word' id='word_1_236' title='bbox 321 2084 519 2132; x_wconf 87' lang='lat' dir='ltr'>exspect0‚</span> <span class='ocrx_word' id='word_1_237' title='bbox 550 2091 671 2131; x_wconf 88' lang='lat' dir='ltr'>quam</span> <span class='ocrx_word' id='word_1_238' title='bbox 703 2091 800 2117; x_wconf 86' lang='lat' dir='ltr'>mox</span> <span class='ocrx_word' id='word_1_239' title='bbox 827 2078 974 2126; x_wconf 89' lang='lat' dir='ltr'>veniat,</span> <span class='ocrx_word' id='word_1_240' title='bbox 1012 2078 1080 2132; x_wconf 91' lang='lat' dir='ltr'>qui</span> <span class='ocrx_word' id='word_1_241' title='bbox 1109 2078 1214 2119; x_wconf 88' lang='lat' dir='ltr'>hanc</span> <span class='ocrx_word' id='word_1_242' title='bbox 1244 2079 1344 2119; x_wconf 91' lang='lat' dir='ltr'>mihi</span> <span class='ocrx_word' id='word_1_243' title='bbox 1378 2080 1530 2120; x_wconf 87' lang='lat' dir='ltr'>adimat</span> 
     </span>
    </p>
   </div>
   <div class='ocr_carea' id='block_1_6' title="bbox 58 2145 1530 2322">
    <p class='ocr_par' dir='ltr' id='par_1_21' title="bbox 58 2145 1530 2322">
     <span class='ocr_line' id='line_1_29' title="bbox 219 2145 559 2186; baseline -0.006 0"><span class='ocrx_word' id='word_1_244' title='bbox 219 2145 559 2186; x_wconf 88' lang='lat' dir='ltr'>consuetudinem.</span> 
     </span>
     <span class='ocr_line' id='line_1_30' title="bbox 58 2212 1528 2268; baseline 0.002 -16"><span class='ocrx_word' id='word_1_245' title='bbox 58 2213 133 2254; x_wconf 73' lang='lat' dir='ltr'>Pu.</span> <span class='ocrx_word' id='word_1_246' title='bbox 174 2213 276 2253; x_wconf 86' lang='lat' dir='ltr'>Aliis</span> <span class='ocrx_word' id='word_1_247' title='bbox 304 2212 398 2267; x_wconf 85' lang='lat' dir='ltr'>quia</span> <span class='ocrx_word' id='word_1_248' title='bbox 423 2213 530 2262; x_wconf 88' lang='lat' dir='ltr'>defit,</span> <span class='ocrx_word' id='word_1_249' title='bbox 566 2213 674 2265; x_wconf 91' lang='lat' dir='ltr'>quod</span> <span class='ocrx_word' id='word_1_250' title='bbox 698 2218 845 2262; x_wconf 83' lang='lat' dir='ltr'>amant,</span> <span class='ocrx_word' id='word_1_251' title='bbox 881 2212 1063 2265; x_wconf 85' lang='lat' dir='ltr'>aegre’st:</span> <span class='ocrx_word' id='word_1_252' title='bbox 1094 2212 1177 2262; x_wconf 90' lang='lat' dir='ltr'>tibi,</span> <span class='ocrx_word' id='word_1_253' title='bbox 1214 2214 1307 2266; x_wconf 87' lang='lat' dir='ltr'>quia</span> <span class='ocrx_word' id='word_1_254' title='bbox 1339 2221 1528 2268; x_wconf 88' lang='lat' dir='ltr'>superest,</span> 
     </span>
     <span class='ocr_line' id='line_1_31' title="bbox 128 2276 1530 2322; baseline 0.002 -3"><span class='ocrx_word' id='word_1_255' title='bbox 128 2276 134 2281; x_wconf 53' lang='grc'><em>’</em></span> <span class='ocrx_word' id='word_1_256' title='bbox 219 2280 338 2320; x_wconf 87' lang='lat' dir='ltr'>dolet.</span> <span class='ocrx_word' id='word_1_257' title='bbox 1479 2285 1530 2322; x_wconf 94' lang='grc'>10</span> 
     </span>
    </p>
   </div>
   <div class='ocr_carea' id='block_1_7' title="bbox 57 2347 1527 2468">
    <p class='ocr_par' dir='ltr' id='par_1_22' title="bbox 57 2347 1527 2468">
     <span class='ocr_line' id='line_1_32' title="bbox 57 2347 633 2401; baseline -0.002 -14"><span class='ocrx_word' id='word_1_258' title='bbox 57 2348 207 2387; x_wconf 86' lang='lat' dir='ltr'>Amore</span> <span class='ocrx_word' id='word_1_259' title='bbox 226 2347 416 2396; x_wconf 83' lang='lat' dir='ltr'>abundas,</span> <span class='ocrx_word' id='word_1_260' title='bbox 440 2347 633 2401; x_wconf 87' lang='lat' dir='ltr'>Antipho.</span> 
     </span>
     <span class='ocr_line' id='line_1_33' title="bbox 58 2412 1527 2468; baseline 0.002 -16"><span class='ocrx_word' id='word_1_261' title='bbox 58 2413 165 2453; x_wconf 86' lang='lat' dir='ltr'>Nam</span> <span class='ocrx_word' id='word_1_262' title='bbox 184 2419 254 2454; x_wconf 83' lang='lat' dir='ltr'>tua</span> <span class='ocrx_word' id='word_1_263' title='bbox 273 2413 434 2466; x_wconf 90' lang='lat' dir='ltr'>quidem</span> <span class='ocrx_word' id='word_1_264' title='bbox 451 2413 584 2453; x_wconf 86' lang='lat' dir='ltr'>hercle</span> <span class='ocrx_word' id='word_1_265' title='bbox 605 2418 711 2452; x_wconf 87' lang='lat' dir='ltr'>certo</span> <span class='ocrx_word' id='word_1_266' title='bbox 730 2412 813 2452; x_wconf 82' lang='lat' dir='ltr'>vita</span> <span class='ocrx_word' id='word_1_267' title='bbox 831 2412 919 2452; x_wconf 89' lang='lat' dir='ltr'>haec</span> <span class='ocrx_word' id='word_1_268' title='bbox 939 2413 1166 2467; x_wconf 86' lang='lat' dir='ltr'>expetenda</span> <span class='ocrx_word' id='word_1_269' title='bbox 1184 2415 1437 2468; x_wconf 89' lang='lat' dir='ltr'>optandaque</span> <span class='ocrx_word' id='word_1_270' title='bbox 1457 2421 1527 2455; x_wconf 83' lang='lat' dir='ltr'>est.</span> 
     </span>
    </p>
   </div>
   <div class='ocr_carea' id='block_1_8' title="bbox 57 2479 1526 2866">
    <p class='ocr_par' dir='ltr' id='par_1_23' title="bbox 57 2479 1526 2866">
     <span class='ocr_line' id='line_1_34' title="bbox 60 2479 1435 2549; baseline 0.002 -31"><span class='ocrx_word' id='word_1_271' title='bbox 60 2479 122 2519; x_wconf 82' lang='lat' dir='ltr'>Ita</span> <span class='ocrx_word' id='word_1_272' title='bbox 139 2493 204 2520; x_wconf 89' lang='lat' dir='ltr'>me</span> <span class='ocrx_word' id='word_1_273' title='bbox 226 2479 280 2520; x_wconf 90' lang='lat' dir='ltr'>Di</span> <span class='ocrx_word' id='word_1_274' title='bbox 297 2480 400 2520; x_wconf 89' lang='lat' dir='ltr'>bene</span> <span class='ocrx_word' id='word_1_275' title='bbox 421 2484 567 2528; x_wconf 89' lang='lat' dir='ltr'>ament,</span> <span class='ocrx_word' id='word_1_276' title='bbox 589 2484 635 2518; x_wconf 93' lang='lat' dir='ltr'>ut</span> <span class='ocrx_word' id='word_1_277' title='bbox 651 2479 710 2519; x_wconf 90' lang='lat' dir='ltr'>mi</span> <span class='ocrx_word' id='word_1_278' title='bbox 727 2479 846 2519; x_wconf 86' lang='lat' dir='ltr'>liceat</span> <span class='ocrx_word' id='word_1_279' title='bbox 864 2479 1028 2528; x_wconf 85' lang='lat' dir='ltr'>tamdiu,</span> <span class='ocrx_word' id='word_1_280' title='bbox 1052 2480 1159 2533; x_wconf 90' lang='lat' dir='ltr'>quod</span> <span class='ocrx_word' id='word_1_281' title='bbox 1177 2494 1280 2530; x_wconf 87' lang='lat' dir='ltr'>amo,</span> <span class='ocrx_word' id='word_1_282' title='bbox 1302 2482 1435 2549; x_wconf 50' lang='lat' dir='ltr'>fruis,</span> 
     </span>
     <span class='ocr_line' id='line_1_35' title="bbox 58 2545 1163 2599; baseline 0.001 -14"><span class='ocrx_word' id='word_1_283' title='bbox 58 2545 83 2585; x_wconf 87' lang='lat' dir='ltr'><strong>J</strong></span> <span class='ocrx_word' id='word_1_284' title='bbox 86 2559 151 2585; x_wconf 89' lang='lat' dir='ltr'>am</span> <span class='ocrx_word' id='word_1_285' title='bbox 171 2545 369 2599; x_wconf 83' lang='lat' dir='ltr'>depecisci</span> <span class='ocrx_word' id='word_1_286' title='bbox 386 2551 514 2585; x_wconf 89' lang='lat' dir='ltr'>morte</span> <span class='ocrx_word' id='word_1_287' title='bbox 533 2546 673 2599; x_wconf 90' lang='lat' dir='ltr'>cupio;</span> <span class='ocrx_word' id='word_1_288' title='bbox 704 2551 749 2585; x_wconf 93' lang='lat' dir='ltr'>tu</span> <span class='ocrx_word' id='word_1_289' title='bbox 768 2546 953 2599; x_wconf 88' lang='lat' dir='ltr'>conjicito</span> <span class='ocrx_word' id='word_1_290' title='bbox 973 2552 1163 2594; x_wconf 88' lang='lat' dir='ltr'>ceterum,</span> 
     </span>
     <span class='ocr_line' id='line_1_36' title="bbox 57 2612 1526 2669; baseline 0.003 -17"><span class='ocrx_word' id='word_1_291' title='bbox 57 2612 165 2658; x_wconf 81' lang='lat' dir='ltr'>Quid</span> <span class='ocrx_word' id='word_1_292' title='bbox 179 2626 253 2666; x_wconf 87' lang='lat' dir='ltr'>ego</span> <span class='ocrx_word' id='word_1_293' title='bbox 266 2612 343 2653; x_wconf 84' lang='lat' dir='ltr'>hac</span> <span class='ocrx_word' id='word_1_294' title='bbox 359 2626 410 2652; x_wconf 87' lang='lat' dir='ltr'>ex</span> <span class='ocrx_word' id='word_1_295' title='bbox 423 2613 559 2666; x_wconf 89' lang='lat' dir='ltr'>inopia</span> <span class='ocrx_word' id='word_1_296' title='bbox 573 2627 680 2653; x_wconf 90' lang='lat' dir='ltr'>nunc</span> <span class='ocrx_word' id='word_1_297' title='bbox 696 2613 851 2666; x_wconf 85' lang='lat' dir='ltr'>capiam</span> <span class='ocrx_word' id='word_1_298' title='bbox 864 2629 874 2663; x_wconf 79' lang='lat'><em>3</em></span> <span class='ocrx_word' id='word_1_299' title='bbox 906 2620 946 2653; x_wconf 90' lang='lat' dir='ltr'>et</span> <span class='ocrx_word' id='word_1_300' title='bbox 961 2615 1058 2667; x_wconf 92' lang='lat' dir='ltr'>quid</span> <span class='ocrx_word' id='word_1_301' title='bbox 1071 2620 1116 2654; x_wconf 92' lang='lat' dir='ltr'>tu</span> <span class='ocrx_word' id='word_1_302' title='bbox 1130 2629 1180 2654; x_wconf 87' lang='lat' dir='ltr'>ex</span> <span class='ocrx_word' id='word_1_303' title='bbox 1191 2615 1288 2655; x_wconf 87' lang='lat' dir='ltr'>istac</span> <span class='ocrx_word' id='word_1_304' title='bbox 1304 2616 1419 2669; x_wconf 83' lang='lat' dir='ltr'>copia</span> <span class='ocrx_word' id='word_1_305' title='bbox 1436 2631 1444 2655; x_wconf 92' lang='lat'>:</span> <span class='ocrx_word' id='word_1_306' title='bbox 1479 2619 1526 2656; x_wconf 88' lang='lat'>15</span> 
     </span>
     <span class='ocr_line' id='line_1_37' title="bbox 58 2679 1453 2734; baseline 0.002 -15"><span class='ocrx_word' id='word_1_307' title='bbox 58 2679 114 2720; x_wconf 90' lang='lat' dir='ltr'>Ut</span> <span class='ocrx_word' id='word_1_308' title='bbox 131 2693 182 2720; x_wconf 88' lang='lat' dir='ltr'>ne</span> <span class='ocrx_word' id='word_1_309' title='bbox 203 2680 359 2729; x_wconf 84' lang='lat' dir='ltr'>addam,</span> <span class='ocrx_word' id='word_1_310' title='bbox 381 2680 488 2734; x_wconf 91' lang='lat' dir='ltr'>quod</span> <span class='ocrx_word' id='word_1_311' title='bbox 506 2680 590 2720; x_wconf 88' lang='lat' dir='ltr'>sine</span> <span class='ocrx_word' id='word_1_312' title='bbox 611 2685 746 2720; x_wconf 89' lang='lat' dir='ltr'>sumtu</span> <span class='ocrx_word' id='word_1_313' title='bbox 763 2681 981 2733; x_wconf 84' lang='lat' dir='ltr'>ingenuam</span> <span class='ocrx_word' id='word_1_314' title='bbox 1000 2681 1206 2721; x_wconf 89' lang='lat' dir='ltr'>liberalem</span> <span class='ocrx_word' id='word_1_315' title='bbox 1226 2687 1367 2722; x_wconf 90' lang='lat' dir='ltr'>nactus</span> <span class='ocrx_word' id='word_1_316' title='bbox 1387 2696 1428 2722; x_wconf 87' lang='lat' dir='ltr'>es</span> <span class='ocrx_word' id='word_1_317' title='bbox 1445 2697 1453 2721; x_wconf 92' lang='lat'><strong>:</strong></span> 
     </span>
     <span class='ocr_line' id='line_1_38' title="bbox 58 2747 1380 2801; baseline 0 -14"><span class='ocrx_word' id='word_1_318' title='bbox 58 2747 177 2792; x_wconf 85' lang='lat' dir='ltr'>Quod</span> <span class='ocrx_word' id='word_1_319' title='bbox 193 2747 327 2796; x_wconf 82' lang='lat' dir='ltr'>habes,</span> <span class='ocrx_word' id='word_1_320' title='bbox 348 2747 404 2788; x_wconf 82' lang='lat' dir='ltr'>ita</span> <span class='ocrx_word' id='word_1_321' title='bbox 422 2753 468 2787; x_wconf 90' lang='lat' dir='ltr'>ut</span> <span class='ocrx_word' id='word_1_322' title='bbox 485 2747 658 2797; x_wconf 85' lang='lat' dir='ltr'>voluisti,</span> <span class='ocrx_word' id='word_1_323' title='bbox 678 2761 844 2787; x_wconf 86' lang='lat' dir='ltr'>uxorem</span> <span class='ocrx_word' id='word_1_324' title='bbox 864 2747 949 2787; x_wconf 87' lang='lat' dir='ltr'>sine</span> <span class='ocrx_word' id='word_1_325' title='bbox 967 2747 1076 2787; x_wconf 89' lang='lat' dir='ltr'>mala</span> <span class='ocrx_word' id='word_1_326' title='bbox 1093 2748 1202 2789; x_wconf 82' lang='lat' dir='ltr'>fama</span> <span class='ocrx_word' id='word_1_327' title='bbox 1220 2748 1354 2801; x_wconf 86' lang='lat' dir='ltr'>palam</span> <span class='ocrx_word' id='word_1_328' title='bbox 1371 2763 1380 2787; x_wconf 92' lang='lat'><strong>:</strong></span> 
     </span>
     <span class='ocr_line' id='line_1_39' title="bbox 58 2812 1376 2866; baseline 0 -12"><span class='ocrx_word' id='word_1_329' title='bbox 58 2814 218 2862; x_wconf 90' lang='lat' dir='ltr'>Beatus,</span> <span class='ocrx_word' id='word_1_330' title='bbox 240 2813 283 2852; x_wconf 91' lang='lat' dir='ltr'>ni</span> <span class='ocrx_word' id='word_1_331' title='bbox 300 2826 427 2853; x_wconf 89' lang='lat' dir='ltr'>unum</span> <span class='ocrx_word' id='word_1_332' title='bbox 444 2813 520 2853; x_wconf 92' lang='lat' dir='ltr'>hoc</span> <span class='ocrx_word' id='word_1_333' title='bbox 542 2812 653 2862; x_wconf 88' lang='lat' dir='ltr'>desit,</span> <span class='ocrx_word' id='word_1_334' title='bbox 675 2813 832 2853; x_wconf 85' lang='lat' dir='ltr'>animus</span> <span class='ocrx_word' id='word_1_335' title='bbox 851 2813 920 2866; x_wconf 93' lang='lat' dir='ltr'>qui</span> <span class='ocrx_word' id='word_1_336' title='bbox 938 2814 1116 2854; x_wconf 88' lang='lat' dir='ltr'>modeste</span> <span class='ocrx_word' id='word_1_337' title='bbox 1135 2814 1244 2854; x_wconf 85' lang='lat' dir='ltr'>istaec</span> <span class='ocrx_word' id='word_1_338' title='bbox 1262 2814 1376 2855; x_wconf 84' lang='lat' dir='ltr'>ferat.</span> 
     </span>
    </p>
   </div>
  </div>
 </body>
</html>
