1670 3080
138 155 234 202 1270
746 167 972 199 HECYRA.

134 255 243 294 Nam
263 254 294 294 si
315 254 509 293 utrumvis
527 253 683 302 horum,
705 253 859 302 mulier,
880 266 1058 306 unquam
1079 252 1150 292 tibi
1168 252 1276 292 visus
1293 252 1434 302 forem,
1550 255 1603 294 10

134 321 228 361 Non
249 321 304 360 sic
323 320 493 360 ludibrio
513 319 590 359 tuis
609 319 724 359 factis
742 319 901 359 habitus
921 333 1061 358 essem.
1109 319 1196 358 Mv.
1218 318 1402 363 Quibus?
1447 318 1524 360 Pu.
1549 319 1608 359 At

294 388 443 440 rogitas
457 388 473 426 2
1148 391 1152 397 ⁴

134 454 294 507 Peperit
312 453 422 492 filia?
449 453 543 492 hem
559 452 569 491 !
600 452 736 492 taces?
764 465 816 491 ex
835 465 912 504 quo
928 451 944 489 2
1014 451 1101 490 MY.
1133 451 1293 491 Patrem
1311 451 1412 492 istuc
1431 451 1603 504 rogitare

295 534 455 574 aequom
475 520 560 559 est?
1491 518 1493 520 ’

134 588 240 627 Perii
258 602 266 626 ε
298 602 348 627 ex
367 601 445 640 quo
466 600 613 635 censes,
634 586 712 625 nisi
732 599 783 625 ex
801 585 880 634 illo,
903 585 967 624 cui
988 585 1081 624 data
1101 590 1160 624 est
1178 590 1362 638 nuptum,
1384 586 1576 625 obsecro?

134 654 211 693 ΡΗ.
253 654 380 694 Credo
398 668 406 693 :
437 667 567 705 neque
587 653 686 692 adeo
705 652 887 691 arbitrari
905 651 1028 704 patris
1049 656 1110 690 est
1128 651 1269 690 aliter:
1299 652 1371 691 sed
1389 651 1573 700 demiror,

133 721 242 765 Quid
260 721 321 769 sit,
344 720 603 773 quamobrem
623 724 827 772 tantopere
848 732 986 757 omnes
1006 732 1078 757 nos
1098 718 1226 757 celare
1247 718 1449 758 volueritis
1552 720 1600 758 15

133 788 297 827 Partum
314 802 324 836 ;
357 801 448 826 cum
468 785 690 839 praesertim
709 791 749 824 et
766 790 872 824 recte
893 790 934 823 et
953 790 1130 837 tempore
1149 784 1236 837 ipso
1254 784 1466 837 pepererit.

132 853 289 893 Adeon'
310 852 510 906 pervicaci
530 865 614 891 esse
635 851 781 899 animo,
802 856 847 890 ut
865 864 1033 903 puerum
1053 856 1295 903 praeoptares
1314 849 1456 903 perire,

134 920 199 960 Ex
218 934 296 973 quo
315 919 531 959 firmiorem
551 918 654 957 inter
673 931 745 957 nos
763 917 847 956 fore
868 917 1084 956 amicitiam
1103 917 1267 970 posthac
1287 917 1417 966 scires,

133 986 269 1026 Potius
289 999 410 1038 quam
430 985 643 1023 advorsum
663 982 788 1022 animi
807 983 866 1021 tui
885 982 1092 1021 libidinem
1113 988 1215 1022 esset
1234 996 1326 1022 cum
1344 982 1413 1022 illo
1429 982 1587 1035 nupta?

133 1053 220 1105 Ego
241 1052 361 1091 etiam
381 1050 539 1089 illorum
559 1063 643 1088 esse
664 1048 824 1102 culpam
843 1048 948 1087 hanc
965 1048 1125 1096 credidi,
1143 1061 1233 1100 quae
1254 1053 1292 1087 te
1313 1053 1373 1087 est
1389 1061 1526 1101 penes.
1547 1049 1602 1086 20

134 1119 222 1159 ΜΥ.
264 1119 415 1158 Misera
434 1131 533 1157 sum.
621 1117 696 1155 PH.
736 1116 903 1155 Utinam
923 1115 1046 1155 sciam
1066 1128 1150 1154 esse
1170 1114 1274 1154 istuc
1293 1129 1302 1153 ε
1333 1114 1403 1154 sed
1420 1127 1529 1166 nunc
1547 1113 1605 1153 mi

294 1185 336 1223 in
356 1189 534 1223 mentem
554 1182 665 1221 venit
684 1195 735 1220 ex

135 1251 225 1291 Hac
245 1264 299 1299 re,
322 1249 428 1302 quod
446 1249 578 1288 locuta
598 1262 639 1287 es
659 1248 766 1297 olim,
789 1262 882 1287 cum
900 1247 1013 1287 illum
1032 1261 1227 1300 generum
1247 1247 1425 1300 cepimus
1442 1261 1452 1286 :
1483 1297 1486 1300 ‚

134 1319 241 1357 Nam
262 1317 448 1370 negabas,
471 1316 596 1355 filiam
617 1320 726 1354 tuam
745 1328 861 1368 posse
883 1320 921 1354 te
940 1320 1108 1367 nuptam
1126 1314 1212 1367 pati

135 1384 235 1423 Cum
257 1397 314 1431 eo,
337 1382 406 1434 qui
425 1381 665 1420 meritricem
684 1386 848 1429 amaret,
871 1381 938 1434 qui
957 1386 1210 1433 pernoctaret
1227 1380 1334 1420 foris.

133 1451 221 1490 ΜΥ.
273 1449 466 1494 Quamvis
514 1461 675 1487 causam
722 1447 829 1487 hunc
877 1447 1080 1501 suspicari,
1123 1461 1244 1500 quam
1290 1447 1418 1501 ipsam
1455 1460 1604 1495 veram,

294 1514 465 1554 mavolo.
1551 1515 1603 1553 25

133 1583 212 1623 Pu.
235 1581 366 1620 Multo
385 1580 507 1632 prius,
531 1593 651 1632 quam
671 1584 726 1627 tu,
748 1578 863 1618 illum
884 1579 979 1618 scivi
998 1578 1145 1618 habere
1165 1578 1349 1627 amicam,
1371 1578 1606 1631 Myrrhina:

133 1647 288 1685 Verum
308 1646 350 1685 id
369 1645 509 1684 vitium
530 1658 738 1698 nunquam
759 1645 916 1684 decrevi
936 1658 1020 1684 esse
1041 1658 1116 1697 ego
1135 1644 1415 1684 adulescentiae
1432 1658 1442 1683 ε

132 1712 240 1751 Nam
267 1711 308 1750 id
336 1711 520 1750 omnibus
550 1711 761 1750 innatum:
793 1716 836 1750 at
859 1710 927 1764 pol
951 1710 1039 1764 jam
1065 1710 1204 1760 aderit,
1233 1724 1274 1750 se
1299 1716 1456 1765 quoque
1486 1710 1608 1752 etiam

298 1791 390 1816 cum
411 1777 548 1816 oderit.
1551 1780 1559 1784 ·

133 1844 222 1892 Sed,
243 1837 292 1882 ut
307 1843 402 1881 olim
423 1848 461 1882 te
482 1842 700 1890 ostendisti,
722 1842 781 1881 nil
801 1842 1003 1882 cessavisti
1023 1843 1165 1882 eadem
1187 1855 1272 1882 esse
1290 1855 1416 1895 usque
1435 1841 1588 1890 adhuc3

131 1909 199 1947 Ut·
225 1908 349 1947 filiam
388 1908 438 1947 ab
496 1921 543 1946 eo
591 1908 807 1946 abduceres
822 1922 832 1956 ;
881 1921 973 1956 neu,
1016 1907 1124 1960 quod
1166 1920 1240 1960 ego
1287 1907 1468 1960 egissem,
1507 1910 1610 1945 esset

294 1979 439 2013 ratum.
1551 1974 1606 2011 30

134 2041 183 2080 Id
201 2053 309 2080 nunc
328 2052 392 2078 res
410 2038 603 2077 indicium
622 2038 709 2077 haec
730 2038 836 2085 facit,
860 2051 937 2089 quo
956 2044 1074 2090 pacto
1092 2037 1444 2077 factumvolueris.

133 2108 222 2146 ΜΥ.
263 2106 420 2145 Adeon’
440 2119 505 2144 me
527 2119 611 2143 esse
630 2104 881 2157 pervicacem
902 2117 1053 2152 censes,
1076 2104 1142 2143 cui
1159 2109 1288 2143 mater
1307 2103 1405 2142 siem

132 2174 188 2212 Ut
209 2186 256 2212 eo
277 2186 403 2211 essem
424 2171 569 2219 animo,
591 2170 624 2209 si
644 2175 748 2209 esset
765 2175 901 2209 nostro
922 2183 973 2208 ex
993 2183 1068 2208 usu
1085 2169 1161 2208 hoc
1181 2168 1511 2208 matrimonium?

134 2240 210 2278 ΡΗ.
232 2238 335 2278 Tun’
351 2237 575 2291 prospicere
595 2241 665 2276 aut
673 2226 872 2288 judicare,
894 2241 1069 2275 nostram
1088 2236 1130 2274 in
1150 2249 1236 2275 rem
1257 2235 1363 2289 quod
1382 2235 1443 2284 sit,
1464 2230 1610 2288 potes?

134 2305 295 2346 Audisti
314 2319 366 2344 ex
385 2304 518 2356 aliquo
537 2304 715 2352 fortasse,
737 2303 806 2355 qui
825 2303 977 2342 vidisse
992 2317 1084 2342 eum
1104 2302 1257 2342 diceret
1555 2302 1607 2342 35
1668 2320 1670 2323 ·

134 2373 361 2412 Exeuntem
380 2375 449 2409 aut
470 2370 738 2408 introeuntem
758 2369 810 2408 ad
829 2369 1023 2408 amicam:
1054 2368 1152 2420 quid
1171 2366 1257 2408 tum
1275 2368 1446 2422 postea?

135 2438 179 2477 Si
197 2436 372 2476 modeste
393 2449 439 2474 ac
457 2448 547 2474 raro
565 2434 641 2473 hoc
662 2434 778 2473 fecit:
808 2447 942 2472 nonne
962 2433 1211 2473 dissimulare
1231 2447 1304 2473 nos
1659 2484 1661 2486 ι

136 2503 269 2555 Magis
290 2502 511 2541 humanum
531 2506 602 2548 est,
625 2514 746 2553 quam
766 2500 858 2539 dare
879 2514 1052 2552 operam,
1073 2500 1115 2540 id
1134 2500 1245 2550 scire,
1267 2501 1336 2554 qui
1354 2513 1428 2540 nos
1446 2500 1605 2542 oderit?
1645 2485 1670 2545 l,

136 2570 245 2610 Nam
264 2569 296 2608 si
314 2569 348 2607 is
366 2573 500 2621 posset
518 2568 568 2607 ab
588 2581 635 2606 ea
655 2581 739 2606 sese
759 2567 974 2620 derepente
996 2567 1184 2616 avellere,

137 2638 322 2681 Quacum
342 2639 401 2673 tot
420 2639 649 2673 consuesset
667 2646 793 2672 annos
809 2647 819 2682 ;
850 2647 932 2672 non
952 2647 1045 2673 eum
1064 2633 1271 2674 hominem
1291 2633 1490 2682 ducerem,
1555 2635 1609 2672 40

138 2701 225 2740 Nec
265 2700 394 2739 virum
433 2699 528 2738 satis
565 2698 726 2738 firmum
763 2703 910 2750 gnatae.
1014 2698 1102 2739 ΜΥ.
1153 2699 1274 2739 Mitte
1311 2698 1608 2739 adulescentem
1646 2719 1647 2722 ¹

299 2765 460 2805 obsecro
477 2779 487 2804 ε
1150 2756 1154 2759 ’

139 2832 191 2872 Et
210 2845 299 2885 quae
318 2845 383 2870 me
403 2843 588 2883 peccasse
608 2830 666 2870 ais
682 2844 690 2869 :
722 2830 798 2878 abi,
820 2844 924 2879 eum,
946 2830 1074 2870 solum
1094 2831 1199 2872 solus
1220 2831 1416 2872 conveni:
