1670 3080
499 229 676 271 ACTUS
707 229 757 270 V.
817 229 1000 270 SCENA
1031 228 1106 269 VI.

431 336 565 375 GE'rA.
652 335 864 373 ΑΝτιιηω.
954 333 1165 372 Pnommo.

0 431 1 434 ¹
67 437 145 477 Gn.
184 435 222 475 Ο
240 434 424 474 fortuna!
457 436 494 475 Ο
513 435 592 474 fors
612 434 798 474 fortuna!
830 434 989 486 quantis
1009 433 1368 483 commoditatibus,

66 501 196 546 Quam
214 501 396 542 desubito
414 501 512 541 hero
530 501 752 556 Antiphoni
772 515 847 554 ope
863 507 996 541 vostra
1014 501 1122 540 hunc
1139 502 1332 541 onerastis
1351 501 1460 542 diem
1470 502 1538 542 2-

63 573 146 610 ΔΝ.
168 569 373 614 Quidnam
390 569 456 609 hic
472 569 547 608 sibi
561 569 672 609 volt?
730 569 808 608 GE.
830 568 995 620 Nosque
1015 567 1165 607 amicos
1184 568 1270 621 ejus
1290 569 1538 609 exonerastis

226 642 338 675 metu
354 636 363 675 !

50 700 142 740 -Sed
161 714 235 754 ego
254 714 362 740 nunc
380 700 480 740 mihi
500 713 620 749 cesso,
643 699 712 754 qui
730 712 811 739 non
830 698 1044 739 humerum
1064 698 1172 740 hunc
1193 713 1314 739 onero
1332 699 1466 752 pallio,

62 767 198 820 Atque
233 767 438 806 hominem
475 780 642 820 propero
680 766 888 806 invenire?
929 772 975 806 ut
1010 766 1111 816 haec,
1151 780 1242 819 quae
1280 767 1532 820 contigerint,

226 833 336 873 sciat.
1506 836 1530 872 5

60 901 128 940 Au
164 900 275 939 Num
290 905 335 940 tu
352 899 552 952 intelligis,
570 899 666 952 quid
684 899 748 939 hic
764 900 928 939 narret?
984 900 1061 939 ΡΗ.
1084 900 1195 940 Num
1216 900 1289 939 tu?
1343 899 1426 939 AN.
1449 899 1530 940 Nil.

223 966 300 1006 Pu.
339 966 595 1006 Tantundem
615 979 701 1018 ego.

61 1034 138 1073 Gn.
179 1033 247 1072 Ad
263 1033 451 1073 lenonem
470 1033 565 1072 hinc
585 1033 641 1072 ire
661 1047 850 1086 pergam:
881 1033 937 1072 ibi
955 1046 1063 1073 nunc
1083 1038 1187 1073 sunt.
1265 1034 1347 1073 AN.
1388 1033 1503 1074 Heus
1520 1034 1529 1073 !

222 1100 338 1140 Geta.
425 1101 502 1139 Gn.
544 1100 654 1139 Hem
674 1100 769 1140 tibi!

58 1167 168 1206 Num
215 1180 361 1206 novom
402 1172 471 1206 aut
508 1166 706 1211 mirum’st
747 1167 936 1215 revocari,
977 1181 1138 1207 cursum
1174 1181 1269 1208 cum
1311 1167 1532 1208 institeris?

219 1234 301 1274 ΑΝ.
343 1235 461 1274 Geta.

58 1303 136 1342 Gn.
159 1302 346 1355 Pergin'?
372 1301 506 1341 hercle
521 1315 728 1355 nunquam
746 1301 864 1342 hodie
878 1302 969 1342 odio
985 1307 1108 1342 tume
1124 1302 1272 1342 vinces.
1330 1303 1411 1342 AN.
1435 1303 1529 1342 Non

218 1369 386 1409 manes?
434 1375 439 1378 '

58 1437 135 1476 Gn.
187 1435 358 1490 Vapula.
479 1435 561 1475 An.
620 1435 670 1474 Id
707 1435 869 1487 quidem
906 1435 979 1475 tibi
1010 1435 1097 1488 jam
1134 1436 1215 1486 fiet,
1253 1436 1331 1477 nisi
1366 1437 1526 1485 resistis,

216 1502 394 1541 verbero.
1475 1506 1527 1543 10

57 1568 135 1608 Gn.
175 1567 489 1607 Familiariorem
509 1572 663 1620 oportet
683 1581 766 1607 esse
785 1566 916 1607 hunc:
946 1568 1154 1608 minitatur
1170 1569 1336 1609 malum.

55 1635 135 1675 Sed
151 1636 237 1676 isne
258 1641 327 1684 est,
350 1649 470 1688 quem
490 1648 637 1687 quaero,
658 1648 711 1675 an
730 1636 839 1675 non?
858 1635 1040 1689 ipsus’st:
1071 1637 1312 1690 congredere
1332 1643 1524 1678 actutum.

217 1702 300 1741 An.
341 1702 448 1746 Quid
468 1702 557 1740 est?

56 1770 134 1809 Gn.
175 1770 211 1809 Ο
231 1770 423 1818 omnium,
445 1774 639 1821 quantum
665 1774 735 1817 est,
759 1769 827 1823 qui
855 1769 1004 1819 vivont,
1034 1769 1244 1810 hominum
1266 1770 1388 1811 homo
1412 1785 1526 1812 orna-

216 1836 379 1876 tissume
397 1850 406 1875 :
1333 1829 1340 1833 ⁴

53 1903 161 1942 Nam
181 1903 265 1942 sine
285 1902 552 1942 controversia
570 1902 620 1942 ab
641 1903 716 1942 Dis
735 1902 839 1942 solus
859 1903 1036 1956 diligere,
1058 1904 1253 1958 Antipho.

53 1972 134 2011 Au.
184 1971 248 2010 Ita
283 1970 430 2010 velim:
477 1969 558 2018 sed,
595 1970 667 2023 qui
707 1970 808 2009 istuc
851 1970 1011 2010 credam
1052 1970 1110 2011 ita
1155 1985 1251 2021 esse,
1299 1972 1400 2012 mihi
1447 1972 1525 2013 dici

213 2035 347 2075 velim.
1474 2043 1522 2079 15

53 2104 133 2143 Gs.
173 2103 296 2142 Satin’
316 2108 386 2151 est,
408 2103 440 2142 si
460 2108 498 2141 te
518 2101 740 2141 delibutum
757 2102 905 2155 gaudio
923 2102 1077 2143 reddo?
1161 2105 1242 2144 AN.
1283 2105 1438 2146 Enicas.

55 2169 129 2209 Pu.
177 2170 284 2214 Quin
322 2175 367 2209 tu
406 2169 501 2208 hinc
542 2168 849 2222 pollicitationes
887 2170 1011 2219 aufer,
1056 2175 1097 2210 et
1138 2172 1246 2224 quod
1281 2172 1373 2221 fers,
1413 2173 1521 2214 cedo.

214 2238 292 2277 Gn.
333 2236 421 2276 Oh!

52 2302 115 2342 'l'u
151 2316 308 2356 quoque
345 2303 495 2350 aderas,
531 2301 748 2341 Phormio?
832 2302 909 2342 Pa.
949 2303 1128 2344 Aderam
1145 2318 1154 2344 :
1196 2305 1267 2346 sed
1295 2311 1339 2345 tu
1368 2320 1495 2346 cessas
1511 2314 1526 2346 r

214 2371 292 2409 Gn.
332 2370 495 2423 Accipe,
516 2369 609 2408 hem
628 2369 636 2408 Ξ

53 2435 107 2474 Ut
125 2435 243 2475 modo
262 2442 471 2488 argentum
491 2435 562 2474 tibi
582 2435 764 2475 dedimus
783 2436 890 2489 apud
908 2436 1051 2486 forum,
1072 2443 1181 2478 recta
1201 2439 1252 2478 ad
1273 2439 1486 2480 Chremem

50 2502 196 2541 Sumus
214 2502 382 2556 profecti
398 2516 407 2540 :
437 2502 591 2541 interea
609 2501 732 2540 mittit
749 2501 871 2541 herus
891 2516 955 2541 me
976 2504 1028 2543 ad
1048 2517 1211 2544 uxorem
1234 2511 1356 2546 tuam.
1469 2509 1522 2546 20

52 2568 133 2608 ΑΝ.
172 2569 472 2614 Quamobrem?
575 2568 654 2607 Gn.
704 2568 858 2607 Omitto
876 2569 1083 2622 proloqui:
1112 2584 1209 2611 nam
1227 2572 1328 2612 nihil
1347 2573 1398 2613 ad
1418 2573 1521 2613 hanc

211 2648 297 2674 rem
318 2640 388 2682 est,
410 2633 592 2687 Antipho
609 2648 618 2673 ε

0 2701 131 2765 ‘’bei
149 2701 191 2741 in
209 2715 446 2755 gynaeceum
465 2702 522 2741 ire
542 2701 826 2754 ooeipiosspuer
845 2702 896 2742 ad
914 2717 979 2742 me
1000 2704 1170 2744 accurrit
1190 2705 1327 2745 Mida:

51 2766 162 2806 Pone
180 2767 442 2821 apprehendit
459 2767 592 2822 pallio,
613 2768 844 2821 resupinat:
873 2769 1040 2822 respicio
1058 2784 1066 2808 :
1096 2783 1204 2823 rogo,
