1670 3080
121 207 146 254 1
156 204 217 254 60
750 220 976 254 HECYRA.

119 310 185 350 So.
234 309 329 349 Non
364 322 457 348 mea
494 321 626 362 opera,
664 320 795 361 neque
830 307 898 362 pol
935 306 1054 361 culpa
1091 306 1236 347 evenit.
1332 307 1407 348 LA.
1458 307 1591 349 Immo

277 389 491 416 maxume:

116 442 208 483 Sola
227 442 293 482 hic
312 442 422 481 fuisti
439 456 447 481 :
477 441 520 481 in
539 446 578 481 te
598 440 727 481 omnis
745 439 873 480 haeret
892 439 1010 494 culpa
1028 439 1122 488 sola,
1145 440 1332 480 Sostrata.

115 511 218 555 Quae
236 509 302 549 hic
322 514 436 548 erant
455 521 635 557 curares3
666 521 758 548 cum
779 521 853 560 ego
872 521 942 547 vos
963 507 1065 547 curis
1085 506 1185 546 solvi
1205 506 1359 547 ceteris.

115 577 217 617 Cum
236 576 370 630 puella
389 589 512 615 anum
531 575 747 628 suscepisse
767 574 996 614 inimicitias
1015 587 1098 612 non
1117 573 1269 627 pudet?

114 645 226 685 Illius
273 645 380 684 dices
427 644 546 698 culpa
589 643 771 683 factum?
858 643 924 682 So.
974 641 1099 681 Haud
1144 640 1330 694 equidem
1377 641 1478 691 dico,
1525 642 1583 683 mi

274 711 442 752 Laches.
1530 711 1583 750 35

112 780 187 820 LA.
225 779 403 828 Gaudeo,
424 779 481 818 ita
499 791 565 818 me
586 778 641 818 Di
659 783 807 826 ament,
829 776 942 830 gnati
961 789 1081 816 causa
1098 790 1107 816 z
1137 789 1233 817 nam
1253 775 1302 816 de
1322 781 1362 816 te
1381 775 1555 829 quidem,

111 845 212 886 Satis
232 845 324 894 scio,
345 844 549 899 peccando
569 843 796 884 detrimenti
814 843 872 882 nil
891 843 977 882 fieri
996 847 1138 896 potest.

110 913 177 953 So.
217 913 297 957 Qui
317 913 402 961 scis,
425 925 476 952 an
497 925 545 951 ea
564 925 693 960 causa,
714 911 772 950 mi
790 911 861 960 vir,
883 925 949 949 me
969 910 1096 949 odisse
1117 909 1417 959 assimulaverit,

107 980 164 1019 Ut
187 993 278 1019 cum
304 985 430 1019 matre
458 979 548 1032 plus
576 991 658 1018 una
686 979 816 1018 esset?
900 977 975 1017 LA.
1017 977 1124 1022 Quid
1147 978 1235 1017 ais?
1261 991 1343 1026 non
1373 977 1478 1031 signi
1504 976 1581 1018 hoc
1653 985 1657 989 '

268 1052 329 1085 sat
347 1052 416 1094 est,

105 1113 223 1159 Quod
240 1112 327 1152 heri
345 1126 464 1152 nemo
483 1112 609 1152 voluit
627 1112 823 1152 visentem
843 1111 895 1151 ad
915 1125 1003 1151 eam
1023 1116 1062 1151 te
1081 1111 1186 1150 intro
1204 1110 1444 1151 admittere?
1525 1112 1579 1150 40

105 1181 171 1220 So.
203 1180 323 1221 Enim
342 1181 488 1220 lassam
507 1180 652 1234 oppido
673 1185 759 1219 tum
780 1193 863 1219 esse
879 1179 1039 1219 aibant:
1060 1192 1108 1218 eo
1127 1179 1178 1218 ad
1197 1192 1286 1218 eam
1306 1191 1387 1218 non
1407 1178 1580 1218 admissa

265 1262 365 1287 sum.
466 1286 470 1290 .

105 1313 180 1354 LA.
221 1314 328 1354 Tuos
354 1329 438 1354 esse
462 1328 536 1368 ego
561 1314 619 1354 illi
640 1328 771 1354 mores
799 1314 983 1353 morbum
1002 1312 1142 1366 magiS,
1164 1326 1285 1366 quam
1312 1310 1436 1351 ullam
1457 1310 1577 1352 aliam

262 1395 361 1431 rem,
383 1382 575 1421 arbitror:

103 1447 155 1486 Et
172 1447 314 1487 merito
334 1448 433 1487 adeo
451 1462 459 1487 ε
489 1461 585 1487 nam
605 1452 828 1487 vostrarum
848 1445 959 1486 nulla
977 1450 1047 1494 est,
1069 1445 1165 1497 quin
1184 1449 1352 1497 gnatum
1371 1443 1469 1483 velit

105 1513 263 1552 Ducere
282 1527 473 1553 uxorem:
504 1519 544 1552 et
563 1527 653 1566 quae
673 1513 783 1552 vobis
801 1511 950 1565 placita
968 1516 1038 1560 est,
1060 1509 1234 1550 conditio
1253 1509 1369 1548 datur
1385 1523 1395 1548 :

104 1580 183 1620 Ubi
203 1581 352 1621 duxere
372 1581 546 1635 impulsu
565 1586 709 1630 vostro,
730 1585 863 1620 vostro
881 1578 1056 1633 impulsu
1075 1577 1235 1618 easdem
1255 1577 1433 1630 exigunt.
1522 1578 1574 1616 45

479 1782 496 1834 s
535 1781 715 1822 ACTUS
746 1781 804 1822 ΙΙ.
864 1780 1045 1820 SCENA
1076 1779 1135 1820 ΙΙ.

440 1887 685 1926 Pmmrrus.
762 1885 943 1925 LAans.
1020 1882 1247 1921 Sos'rnArA.

101 1989 176 2028 ΡΗ.
217 1988 303 2028 Etsi
322 1988 401 2027 scio
423 2001 509 2040 ego,
532 1986 782 2035 Philumena,
804 1999 940 2025 meum
954 1985 1022 2038 jus
1041 1998 1138 2033 esse,
1158 1989 1204 2023 ut
1218 1988 1256 2022 te
1277 1995 1430 2035 cogam,

99 2056 200 2100 Quae
221 2068 296 2107 ego
314 2053 521 2106 imperem,
541 2053 672 2092 facere
690 2066 698 2090 :
721 2065 795 2104 ego
815 2057 950 2090 tamen
970 2051 1099 2104 patrio
1117 2050 1253 2089 animo
1272 2049 1399 2088 victus
1413 2046 1571 2095 faciam,

95 2123 153 2162 Ut
172 2122 244 2162 tibi
264 2120 485 2161 concedam
503 2133 511 2158 τ
541 2133 672 2171 neque
693 2124 773 2157 tuae
792 2118 949 2157 libidini
968 2117 1218 2156 adversabor.

94 2190 170 2230 LA.
209 2189 357 2242 Atque,
391 2200 541 2235 eccum,
575 2185 818 2238 Phidippum
851 2189 1013 2237 optume
1039 2183 1178 2223 video:
1208 2181 1302 2221 hinc
1329 2180 1416 2233 jam
1450 2179 1569 2227 scibo,

190 2259 194 2263 ”
255 2255 351 2309 quid
370 2255 430 2294 sit.

97 2322 305 2376 Phidippe,
346 2322 418 2361 etsi
455 2334 529 2373 ego
564 2319 665 2359 meis
695 2332 760 2358 me
795 2317 979 2357 omnibus
1017 2315 1097 2355 scio
1130 2327 1214 2354 esse
1245 2313 1424 2367 apprime
1459 2312 1570 2352 obse-

257 2394 469 2441 quentem3
1541 2381 1566 2418 5
1582 2415 1585 2418 .

97 2457 176 2497 Sed
194 2470 275 2496 non
296 2457 407 2504 adeo,
427 2460 473 2494 ut
490 2468 582 2494 mea
599 2452 768 2493 facilitas
788 2455 1016 2503 corrumpat
1033 2449 1192 2489 illorum
1212 2448 1366 2488 animos
1382 2460 1391 2486 :

95 2525 213 2570 Quod
245 2530 289 2563 tu
319 2524 352 2563 si
380 2523 488 2562 idem
519 2523 683 2570 faceres,
707 2520 836 2573 magis
867 2533 953 2558 rem
982 2518 1024 2557 in
1052 2522 1228 2557 vostram
1257 2521 1298 2556 et
1321 2519 1499 2556 nostram
1526 2512 1568 2552 id

255 2595 368 2630 esset.
1427 2580 1439 2586 ”

94 2657 215 2696 Nunc
235 2656 351 2696 video
371 2657 413 2695 in
431 2655 590 2694 illarum
610 2667 694 2694 esse
713 2658 753 2693 te
770 2658 978 2706 potestate.
1065 2651 1142 2690 Pu.
1181 2649 1290 2690 Heia
1307 2647 1426 2689 vero!

95 2724 170 2762 LA.
210 2722 306 2762 Adii
326 2728 364 2762 te
382 2721 471 2761 heri
490 2721 538 2760 de
557 2721 664 2760 filia:
693 2725 740 2759 ut
758 2720 863 2768 veni,
884 2719 1024 2758 itidem
1043 2718 1240 2757 incertum
1259 2714 1405 2756 amisti.
1527 2761 1529 2763 ¹

95 2790 218 2830 Haud
237 2790 292 2829 ita
311 2790 435 2838 decet,
457 2789 489 2828 si
507 2793 713 2842 perpetem
730 2787 836 2826 hanc
855 2787 915 2826 vis
936 2800 1019 2825 esse
1039 2784 1289 2833 affinitatem,
1515 2781 1564 2818 ΒΟ

93 2857 230 2897 Celare
251 2862 289 2896 te
307 2857 386 2896 iras
403 2871 411 2895 :
442 2855 474 2895 si
493 2855 590 2909 quid
609 2860 667 2894 est
683 2859 895 2907 peccatum
915 2867 940 2892 a
956 2852 1083 2900 nobis,
1103 2850 1238 2905 profer
1251 2862 1267 2890 τ

89 2926 174 2965 Aut
193 2938 241 2964 ea
258 2923 487 2973 refellendo,
509 2928 578 2963 aut
595 2921 803 2976 purgando
823 2920 935 2961 vobis
955 2919 1209 2972 corrigemus,
