1670 3080
478 98 637 130 Ac'rus
674 97 752 129 111.
823 97 989 129 SCENA
1024 97 1059 128 1.
1422 79 1515 129 199
1561 130 1563 132 ,

43 193 125 233 Res
143 203 290 244 magna
309 192 379 229 est.
457 187 539 228 Ha.
580 187 790 241 Numquid
808 202 882 228 nos
903 188 991 227 vis?
1064 187 1143 226 DE.
1185 185 1351 226 Fecistis
1370 187 1516 239 probe:

42 257 237 299 Incertior
255 269 344 300 sum
363 253 502 302 multo,
525 267 647 307 quam
668 253 833 294 dudum.
921 254 999 293 GE.
1040 253 1205 306 Negant

42 324 219 366 Redisse.
304 323 383 362 DE.
426 322 565 361 Frater
585 326 645 361 est
663 320 957 374 exspectandus
975 319 1076 359 mihi
1093 335 1102 359 ε
1466 320 1518 356 20

39 389 81 430 Is
102 391 208 442 quod
225 388 325 428 mihi
344 388 393 428 de
412 387 488 427 hac
508 401 551 426 re
571 386 725 426 dederit
743 386 966 436 consilium,
987 386 1030 425 id
1049 399 1203 439 sequar.

37 453 322 494 Percontatum
339 453 405 492 ibo
424 451 476 491 ad
494 457 667 505 portum,
690 451 822 504 quoad
841 465 882 490 se
901 451 1079 503 recipiat.

41 518 120 562 Gr..
150 521 208 561 At
226 533 301 574 ego
320 518 598 573 Antiphonem
619 532 821 572 quaeram;
852 523 908 566 ut,
931 531 1022 570 quae
1042 522 1131 556 acta
1149 515 1215 556 hic
1236 515 1328 563 sint,
1350 514 1461 555 sciat.

41 586 119 628 Sed
137 601 276 628 eccum
295 587 428 641 ipsum
446 586 563 627 video
582 586 624 626 in
645 592 823 639 tempore
843 585 923 626 huc
942 599 983 625 se
1002 585 1191 639 recipere.

474 787 654 835 ACTUS
687 786 770 827 ΙΙΙ.
830 787 1015 827 SCENA
1045 787 1079 826 Ι.

574 891 786 931 ΑΝΤιΡΗο.
848 890 981 930 Gan.

37 996 119 1036 ΑΝ.
159 993 387 1041 Enimvem,
417 991 610 1044 Antipho,
645 990 894 1030 multimodis
927 1003 1020 1030 cum
1051 989 1150 1029 istoc
1181 989 1318 1029 animo
1341 1001 1384 1029 es
1413 989 1518 1029 vitu-

198 1060 400 1115 perandus
417 1073 425 1099 ε

38 1130 154 1170 Itane
173 1134 213 1168 te
230 1128 326 1168 hinc
346 1127 485 1176 abisse,
507 1131 548 1165 et
566 1125 689 1165 vitam
710 1131 822 1165 tuam
842 1123 1054 1164 tutandam
1074 1123 1162 1163 aliis
1181 1123 1367 1163 dedisse?

36 1197 151 1239 Alios
169 1202 278 1236 mam
298 1209 383 1235 rem
405 1193 606 1234 credidisti
626 1192 765 1246 magis,
789 1205 911 1245 quam
930 1197 1022 1240 tete,
1045 1191 1422 1231 animadversuros?

37 1265 146 1306 Nam
163 1270 210 1304 ut
227 1269 273 1304 ut
291 1268 405 1303 erant
424 1262 527 1311 alia·
547 1261 606 1302 illi
622 1266 738 1309 certe,
757 1273 847 1313 quae
867 1272 976 1298 nunc
994 1258 1067 1298 tibi
1087 1257 1258 1308 domi'st‚
1277 1256 1516 1307 consuleres,

40 1332 102 1373 Ne
122 1330 218 1386 quid
236 1335 398 1385 propter
416 1335 527 1373 tuam
547 1329 669 1368 fidem
689 1327 856 1380 decepta
874 1326 1072 1380 potiretur
1091 1325 1189 1365 mali
1205 1340 1215 1366 ε
1492 1327 1516 1365 5

38 1397 161 1451 Cujus
180 1410 289 1437 nunc
308 1396 465 1435 miserae
485 1408 574 1448 spes
594 1407 767 1447 opesque
789 1397 882 1432 sunt
900 1393 943 1431 in
964 1398 1002 1432 te
1022 1405 1105 1431 uno
1125 1405 1266 1431 omnes
1286 1391 1385 1431 sitae.

38 1465 118 1506 Gn.
156 1464 209 1504 Et
228 1463 401 1517 quidem,
422 1461 528 1511 here,
551 1475 623 1503 nos
637 1459 879 1513 jamdudum
898 1459 965 1499 hic
985 1465 1023 1499 te
1044 1460 1253 1499 absentem
1272 1459 1515 1507 incusamus,

201 1530 270 1584 qui
289 1529 444 1569 abieris.

38 1598 120 1637 An.
159 1595 218 1636 Te
250 1596 381 1649 ipsum
416 1595 656 1648 quaerebam.
758 1593 836 1632 Gn.
882 1592 960 1632 Sed
991 1606 1040 1632 ea
1073 1605 1194 1632 causa
1227 1591 1356 1632 nihilo
1388 1592 1518 1646 magis

200 1663 431 1703 defecimus.

39 1732 121 1770 Au.
163 1730 357 1783 Loquere,
379 1729 554 1775 obsecro,
577 1740 752 1780 quonam
772 1726 814 1765 in
833 1725 922 1765 loco
942 1731 1036 1765 sunt
1054 1739 1117 1766 res
1138 1731 1178 1766 et
1195 1726 1368 1766 fortunae
1388 1739 1490 1766 meae
1507 1740 1516 1766 ε

38 1796 151 1836 Num
178 1796 282 1850 patri
311 1795 408 1849 quid
437 1794 620 1834 subolet?
678 1794 756 1832 Gn.
799 1792 870 1832 Nil
903 1792 1037 1831 etiam.
1124 1793 1206 1832 AN.
1247 1792 1404 1846 Ecquid
1433 1793 1518 1846 spei

201 1864 396 1918 porro’st?
480 1863 558 1902 Gn.
599 1861 758 1902 Nescio.
846 1861 928 1901 AN,
968 1859 1061 1900 Ah!
1466 1862 1517 1899 10

40 1933 118 1973 Gn.
159 1931 248 1972 Nisi
276 1931 463 1971 Phaedria
489 1929 599 1971 haud
629 1928 796 1970 cessavit
823 1942 896 1982 pro
927 1933 965 1968 te
992 1927 1101 1968 eniti.
1202 1928 1284 1967 Ax.
1330 1927 1402 1967 Nil
1421 1927 1518 1967 fecit

200 1999 307 2038 novi,

40 2067 118 2107 Gn.
157 2066 262 2106 Tum
281 2055 470 2105 Phormio
492 2064 631 2104 itidem
654 2063 695 2103 in
717 2063 794 2104 hac
813 2077 868 2112 re,
889 2067 934 2103 ut
953 2061 1052 2112 aliis,
1074 2067 1283 2102 strenuum
1306 2061 1515 2102 hominem

199 2134 382 2188 praebuit.
758 2148 775 2170 ι

39 2201 120 2241 Au.
160 2199 267 2246 Quid
298 2200 332 2239 is
363 2199 487 2239 feeit?
572 2198 650 2238 Gn.
694 2196 927 2247 Confutavit
951 2196 1084 2238 verbis
1117 2195 1334 2238 admodum
1363 2196 1510 2237 iratum

197 2280 350 2307 senem.

40 2335 121 2376 An,
160 2334 246 2374 Eu!
278 2333 477 2374 Phemio.
565 2332 643 2372 Gn.
686 2333 786 2386 Ego,
808 2332 916 2385 quod
943 2332 1068 2386 potui,
1104 2344 1235 2386 porro,
1325 2331 1408 2372 An.
1454 2331 1516 2371 Mi

203 2402 319 2450 Geta,
341 2414 480 2441 omnes
498 2413 569 2440 vos
588 2413 692 2440 amo.

42 2469 120 2510 Gn.
151 2469 215 2510 Sic
227 2469 379 2509 habent
389 2467 586 2522 principia
598 2480 694 2516 sese,
711 2471 757 2506 ut
768 2466 857 2506 dico
874 2481 883 2506 ε
913 2465 1044 2506 adhuc
1060 2465 1277 2520 tranquilla
1289 2479 1352 2506 res
1368 2471 1427 2506 est
1463 2468 1512 2506 15

42 2535 334 2591 Mansurusque
353 2541 540 2589 patruum
559 2539 674 2588 pater
693 2539 763 2583 est,
785 2533 882 2574 dum
900 2532 979 2574 huc
999 2532 1198 2573 adveniat.
1282 2533 1364 2574 An.
1407 2532 1516 2578 Quid

202 2603 325 2644 eum?
382 2603 461 2643 Gn.
506 2602 556 2643 Id
574 2601 692 2650 aibat,

42 2659 210 2736 &ejus
229 2669 393 2710 consilio
411 2668 514 2709 velle
534 2682 618 2709 sese
637 2668 780 2717 facere,
803 2667 910 2720 quod
929 2667 980 2707 ad
997 2665 1103 2707 hane
1123 2680 1209 2706 rem
1229 2666 1384 2706 attinet.

43 2735 124 2779 Aa.
154 2737 336 2782 Quantus
361 2741 491 2776 metus
517 2740 577 2776 est
605 2734 716 2784 mihi,
738 2734 874 2775 venire
894 2733 975 2775 huc
1004 2733 1155 2774 salvom
1175 2747 1284 2774 nunc
1311 2737 1512 2787 patruum,

206 2803 336 2843 Geta!
