1670 3080
564 120 724 153 Ac'rcs
749 119 784 153 I.
858 121 1023 154 SCENA
1047 122 1080 153 1.

103 207 178 247 Cn.
217 207 351 247 Ambo
370 207 583 247 accusandi
599 222 608 247 :
639 208 712 248 etsi
730 209 830 249 illud
848 208 1053 261 inceptum
1072 215 1207 248 tamen

100 274 241 314 Animi
259 279 318 314 est
334 274 520 328 pudentis
539 275 698 328 signum
718 280 759 315 et
776 289 857 315 non
876 275 1084 315 instrenui.

101 340 188 380 Mn.
227 340 307 380 Ubi
325 342 501 395 comperi
521 356 572 381 ex
589 342 648 391 iis,
671 342 740 396 qui
757 342 868 382 fuere
888 342 925 382 ei
944 342 1103 391 conscii,

99 406 276 447 Domum
295 413 471 448 revortor
489 413 662 457 maestus,
684 414 803 461 atque
823 409 958 449 animo
977 409 1060 448 fere

99 472 354 523 Conturbato,
374 479 494 527 atque
512 474 664 514 incerto
682 488 766 528 prae
787 475 1037 528 aegritudine.

98 541 269 581 Assido:
299 548 513 582 accurrunt
530 542 659 582 servi:
689 557 823 583 soccos
842 542 1082 583 detrahunt:

98 607 228 647 Video
247 607 345 648 alios
363 608 561 658 festinare,
581 608 705 648 lectos
724 614 912 659 sternere,

98 676 266 715 Coenam
285 689 476 729 apparare
493 689 502 714 ε
531 689 604 729 pro
625 689 666 715 se
685 675 851 729 quisque
871 675 1010 715 sedulo

97 742 325 792 Faciebant,
346 756 425 796 quo
443 742 553 782 illam
572 742 674 782 mihi
690 742 863 783 lenirent
880 742 1094 782 miseriam.

95 808 176 848 Ubi
195 808 323 858 video,
343 807 432 848 haec
452 799 556 862 coepi
575 808 750 861 cogitare
766 822 776 847 :
804 808 922 848 hem!
953 814 1013 848 tot
1031 823 1123 848 mea

96 875 224 915 Solius
243 874 385 916 soliciti
403 875 483 915 sint
501 889 630 924 causa,
651 880 696 915 ut
713 889 779 915 me
799 889 926 915 unum
945 875 1163 929 expleant?

94 942 266 983 Ancillae
286 948 345 982 tot
362 956 427 982 me
446 943 647 983 vestiant?
674 948 828 983 sumtus
847 943 956 982 domi

94 1009 243 1050 Tantos
262 1023 337 1063 ego
356 1009 462 1050 solus
479 1010 637 1059 faciam,
660 1010 729 1063 qui
745 1015 914 1066 gnatum
934 1011 1110 1058 unicum,

93 1077 225 1122 Quem
243 1077 392 1130 pariter
409 1077 469 1117 uti
485 1077 548 1117 his
567 1077 701 1116 decuit
720 1081 790 1116 aut
807 1076 928 1117 etiam
948 1077 1130 1130 amplius,

94 1144 212 1189 Quod
229 1144 298 1185 illa
315 1150 413 1184 aetas
431 1144 560 1198 magis
579 1145 631 1185 ad
647 1144 736 1185 haec
755 1145 906 1185 utenda
924 1145 1069 1185 idonea
1088 1151 1158 1193 est,

95 1212 200 1252 Eum
219 1226 294 1265 ego
311 1212 407 1252 hinc
428 1212 527 1266 ejeci
546 1212 737 1252 miserum
755 1212 950 1265 injustitia
967 1213 1085 1252 mea?

95 1279 207 1319 Maio
226 1280 387 1332 quidem
405 1294 471 1320 me
493 1280 660 1333 dignum
680 1280 820 1334 quovis
840 1279 1042 1334 deputem,

95 1346 138 1386 Si
156 1346 198 1386 id
215 1346 384 1386 faciam:
414 1360 510 1387 nam
528 1360 654 1400 usque
674 1347 771 1387 dum
789 1347 857 1387 ille
876 1347 1002 1387 vitam
1020 1346 1132 1386 illam
1153 1347 1258 1387 colet

97 1413 278 1467 Inopem,
300 1427 438 1454 carens
456 1414 586 1467 patria
605 1414 656 1453 ob
674 1426 785 1453 meas
804 1413 982 1466 injurias,

98 1480 259 1520 Interea
277 1494 402 1533 usque
420 1480 479 1519 illi
498 1479 547 1526 de
565 1494 631 1519 me
651 1479 889 1533 supplicium
909 1479 1023 1527 dabo,

96 1548 312 1597 Lahomns,
333 1561 512 1601 parcens,
535 1561 729 1600 quaerenS,
751 1547 811 1586 illi
830 1548 1020 1587 serviens.

96 1615 162 1656 Ita
179 1615 283 1656 facio
302 1629 461 1669 prorsus
478 1629 487 1655 :
517 1615 576 1655 nil
594 1614 777 1668 relinquo
795 1615 838 1654 in
858 1614 1023 1663 aedibus,

96 1683 184 1723 Nec
203 1697 284 1733 vas,
305 1697 381 1723 nec
401 1683 683 1722 vestimentum
700 1697 709 1722 ε
740 1682 886 1722 corrasi
906 1682 1053 1722 omnia.

96 1749 288 1798 Ancillas,
310 1763 455 1799 servos,
477 1748 555 1788 nisi
575 1763 652 1798 eos,
675 1749 743 1802 qui
763 1763 881 1802 opere
901 1749 1048 1789 rustico

97 1817 301 1856 Faciundo
319 1815 436 1856 facile
455 1821 631 1856 sumtum
651 1815 896 1855 exsercirent
913 1829 1042 1863 suum,

98 1885 250 1924 Omnes
268 1883 439 1937 produxi
458 1896 504 1922 ac
522 1881 710 1921 vendidi:
739 1881 922 1935 inscripsi
940 1881 1047 1920 illico

98 1955 123 1974 “
138 1951 261 1990 AEdes
279 1949 463 1989 mercede
480 1948 518 1988 :''
547 1948 660 2002 quasi
679 1947 828 1987 talenta
846 1948 898 1988 ad
918 1948 1148 2002 quindecim

97 2018 219 2072 Coegi
236 2032 244 2057 :
274 2031 414 2071 agrum
433 2016 542 2056 hunc
560 2021 760 2056 mercatus
780 2029 891 2055 sum:
921 2015 987 2055 hic
1009 2029 1074 2055 me
1094 2028 1273 2055 exerceo.

97 2085 281 2134 Decrevi,
303 2085 496 2138 tantisper
513 2097 579 2123 me
598 2083 732 2123 minus
750 2082 920 2135 injuriae,

97 2155 280 2200 Chreme,
301 2166 392 2192 meo
410 2157 533 2205 gnato
552 2151 694 2198 facere,
717 2150 814 2190 dum
833 2149 929 2189 fiam
948 2148 1069 2188 miser
1086 2162 1094 2187 :

97 2223 184 2263 Nec
198 2223 259 2263 fas
278 2235 375 2270 esse,
396 2219 480 2259 ulla
497 2232 563 2259 me
583 2218 785 2271 voluptate
804 2216 870 2256 hic
890 2216 979 2264 frui,

97 2290 187 2330 Nisi
203 2288 274 2329 ubi
291 2287 358 2327 ille
376 2286 456 2327 huc
475 2285 606 2326 salvus
626 2283 787 2325 redierit
804 2296 918 2322 meus
936 2282 1145 2336 particeps.

98 2356 174 2396 Cu.
215 2354 385 2408 Ingenio
405 2358 444 2393 te
464 2366 549 2392 esse
567 2352 610 2391 in
628 2351 773 2391 liberos
792 2349 874 2389 leni
894 2354 1002 2403 puto,

98 2422 151 2462 Et
168 2421 283 2462 illum
303 2421 600 2472 obsequentem,
622 2417 656 2457 si
676 2416 763 2470 quis
781 2421 889 2455 recte
909 2420 979 2455 aut
997 2414 1206 2454 commode

99 2490 328 2530 Tractaret:
359 2500 500 2527 verum
518 2499 651 2540 neque
670 2484 784 2524 illum
803 2489 849 2523 tu
867 2483 961 2523 satis
980 2495 1160 2529 noveras,

100 2556 187 2596 Nec
206 2562 246 2595 te
265 2554 332 2594 ille
348 2569 358 2604 3
387 2553 464 2593 hoc
484 2552 591 2605 quod
608 2551 665 2600 fit,
686 2551 757 2590 ubi
774 2564 856 2590 non
877 2563 971 2589 vere
990 2548 1150 2589 vivitur.

100 2624 164 2664 'ru
180 2623 306 2671 illum,
327 2634 536 2674 nunquam
556 2618 772 2667 ostendisti,
796 2617 936 2670 quanti
954 2616 1160 2670 penderes,

18 2734 37 2740 U
101 2690 188 2730 Nec
208 2689 281 2729 tibi
300 2688 418 2728 ille'st
436 2688 596 2728 credere
616 2700 746 2735 ausus,
769 2699 860 2738 quae
881 2690 940 2725 est
958 2698 1117 2738 aequom
1139 2683 1251 2737 patri.

30 2766 46 2810 ,Ῐῖ
103 2756 220 2802 Quod
238 2756 269 2795 si
290 2760 395 2795 esset
411 2755 575 2802 factmn,
595 2753 684 2793 haec
703 2766 912 2806 nunquam
933 2751 1160 2792 evenissent
1178 2750 1262 2790 tibi.

104 2823 190 2864 Mn.
213 2823 277 2863 Ita
293 2835 357 2862 res
377 2827 446 2870 est,
469 2821 620 2860 fateor:
649 2824 860 2874 peccatum
881 2832 905 2858 a
923 2831 988 2858 me
1009 2817 1309 2857 maxumum'st.

1507 107 1569 153 83

1518 410 1568 451 70

1517 742 1567 783 75

1517 1079 1569 1116 80

1519 1413 1569 1451 85

1521 1750 1573 1786 90

1523 2082 1573 2120 95

1500 2415 1576 2452 100

1503 2752 1577 2789 105
