1670 3080
121 143 217 190 150
735 161 977 193 ADELPHI.

118 243 206 283 AEs.
236 243 359 296 Frugi
375 243 496 283 homo
515 249 584 284 est.
643 245 710 284 ὃν.
740 245 923 285 Reddam
940 245 1085 295 hercle,
1106 245 1159 285 da
1175 245 1306 286 modo.
1362 246 1450 289 ὣς.
1473 235 1576 301 Ago,
1634 249 1666 299 ‘⁵3

279 315 404 363 pater.
490 311 568 350 M1.
608 311 703 350 Post
721 312 938 352 consulam.
1524 317 1576 355 25
1622 307 1627 338 J

117 375 197 414 Da.
237 374 384 414 Faciet.
442 376 509 414 ΒΥ.
548 377 585 415 0
605 376 666 416 vir
684 382 858 431 optume.
927 378 1013 417 AEs.
1055 378 1091 417 Ο
1109 382 1223 430 pater
1240 378 1298 418 mi
1313 377 1576 425 festivissime.
1642 386 1665 433 j'

118 441 196 481 M1.
235 442 343 486 Quid
360 443 491 482 istuc?
516 456 607 495 quae
626 457 688 484 res
706 450 789 483 tam
807 450 971 498 repente
992 458 1121 484 mores
1141 445 1311 485 mutavit
1326 447 1445 487 tuoe?
1640 476 1654 503 2:

119 506 237 551 Quod
253 506 504 560 prolubium?
523 522 612 561 quae
631 509 741 549 istaec
760 510 889 550 subita
908 515 967 550 est
983 510 1174 563 largitas?
1217 510 1296 550 Dr..
1317 503 1463 553 Dicam
1480 512 1577 558 tibi:

120 574 175 613 Ut
192 574 234 613 id
252 574 512 624 ostenderem,
534 575 640 628 quod
658 582 696 615 te
715 576 781 615 isti
798 565 960 631 *facilem-
977 582 1017 616 et
1033 576 1216 616 festivom
1234 583 1388 630 putant,
1459 594 1462 595 ⁷
1635 571 1650 630 f

119 641 169 680 Id
188 654 269 680 non
287 640 373 681 fieri
392 655 443 680 ex
461 655 555 681 vera
573 642 665 691 vita,
687 655 817 695 neque
837 643 935 683 adeo
955 657 1006 682 ex
1024 657 1140 696 aequo
1160 649 1200 683 et
1217 644 1346 694 bon03
1525 649 1580 686 30

120 707 198 747 Sed
216 708 453 747 assentando
472 714 590 760 atque
610 708 853 762 indulgendo
873 715 913 749 et
931 709 1148 762 largiendo,
1171 709 1308 750 Micio.

118 773 238 812 Nunc
259 772 368 821 ade0,
391 773 423 812 si
442 773 492 812 ob
512 786 599 812 eam
619 786 704 812 rem
723 773 834 813 vobis
852 786 943 812 mea
960 773 1043 812 vita
1060 773 1199 822 invisa,
1221 773 1424 824 AEschine,
1445 785 1520 830 est,

119 839 223 885 Quia
241 853 323 879 non
337 839 456 893 justa,
477 839 634 892 injusta,
655 853 814 893 prorsus
833 839 967 879 omnia
986 839 1150 880 omnino
1169 839 1385 894 obsequen

118 906 244 946 Missa
262 906 364 946 facio
380 921 390 945 ε
419 906 620 956 effimdite,
642 907 774 956 emite,
794 907 925 956 facite,
947 907 1054 960 quod
1072 907 1183 947 vobis
1200 907 1322 948 lubet.

119 973 197 1014 Sed
215 974 247 1014 si
265 974 307 1014 id
326 973 441 1013 voltis
459 973 601 1027 potius,
624 987 713 1026 quae
733 987 803 1013 vos
821 979 981 1027 propter
1000 973 1311 1015 adulescentiam
1526 975 1579 1016 3⁵
1637 968 1654 974 ⁴

118 1041 257 1081 Minus
275 1041 428 1089 videtis,
449 1041 577 1094 magis
595 1041 775 1094 impense
795 1041 948 1093 cupitis,
971 1041 1173 1082 consulitis
1190 1055 1345 1095 parum,
1588 1037 1591 1040 ’
1638 1035 1639 1038 ¹

121 1109 225 1148 Haec
244 1106 535 1161 reprehendere
556 1112 597 1146 et
614 1107 809 1159 corrigere
829 1120 961 1160 quem,
983 1107 1252 1148 obsecundare
1269 1107 1312 1147 in
1330 1107 1418 1165 loqo
1434 1122 1444 1147 ι

117 1175 222 1214 Ecce
240 1188 318 1223 me,
339 1174 408 1227 qui
426 1173 468 1213 id
485 1172 630 1212 faciam
649 1173 772 1212 vobis.
839 1173 925 1211 AEs.
964 1172 1066 1221 Tibi,
1087 1178 1211 1226 pater,
1231 1173 1498 1227 permittimus
1514 1188 1525 1214 :
1632 1207 1650 1235 ².

117 1239 213 1280 Plus
232 1240 318 1288 scis,
340 1239 435 1292 quid
455 1252 552 1292 opus
570 1239 676 1278 facto
695 1243 775 1278 est:
807 1238 876 1278 sed
896 1238 944 1278 de
962 1238 1083 1278 fratre
1103 1238 1199 1292 quid
1217 1238 1314 1279 fiet?
1368 1239 1448 1280 Da.
1470 1240 1579 1283 Sino.
1604 1280 1611 1286 Ι
1631 1237 1648 1275 ἶ

118 1305 303 1346 Habeat:
332 1305 375 1345 in
392 1305 490 1345 istac
509 1304 632 1344 finem
650 1304 781 1344 faciat.
866 1303 943 1344 M1.
985 1303 1092 1343 Istuc
1111 1310 1230 1344 recte.
1288 1303 1484 1347 Plaudite.
1623 1301 1626 1304 ’
