1670 3080
492 106 650 138 Aeros
687 105 755 136 IV.
825 105 990 137 sanA
1027 106 1115 137 vu.
1444 94 1528 139 14]

72 192 212 247 Itaque
233 193 334 233 adeo
351 206 541 247 magnam
560 193 617 233 mi
635 193 764 246 injicit
783 207 855 234 sua
873 194 1155 234 commoditate
1176 209 1312 234 curam
1330 210 1340 234 ε

69 259 134 299 Ne
153 259 383 312 imprudens
401 260 546 299 faciam
565 260 678 308 forte,
701 260 807 312 quod
825 259 936 308 nolit,
958 260 1086 299 sciens
1106 261 1267 300 cavebo,

20 316 30 319 ”
69 324 148 364 Sed
166 338 276 365 cesso
294 325 351 365 ire
370 325 485 374 intro,
507 339 559 366 ne
577 339 701 365 morae
722 326 822 365 meis
841 326 991 380 nuptiis
1012 333 1170 379 egomet
1190 328 1295 367 sim?

472 527 649 566 ACTUS
680 527 755 566 IV.
822 527 1000 567 SCENA
1035 527 1108 566 VI.

718 628 878 671 Damna

66 731 257 771 Defessus
277 745 364 771 sum
385 730 626 770 ambulando
643 745 651 770 z
681 737 736 780 ut,
760 731 869 784 Syre,
892 738 930 772 te
951 746 1044 773 cum
1065 740 1133 773 tua

67 798 359 838 Monstratione
377 811 549 851 magnus
568 798 710 851 perdat
729 799 899 852 Jupiter.

67 866 296 919 Perreptavi
315 879 439 918 usque
459 879 578 904 omne
599 865 812 918 oppidum:
843 867 895 906 ad
912 873 1080 920 portam,
1103 867 1155 907 ad
1173 867 1307 907 lacum
1325 883 1335 907 ·.

66 932 156 976 Quo
174 931 285 970 non?
313 945 387 970 nec
406 923 558 970 fabrica
576 931 634 970 illi
652 930 735 971 ulla
754 937 862 971 erat:
893 945 967 972 nec
987 933 1150 972 fratrem
1170 933 1292 972 homo

67 999 224 1039 Vidisse
244 1012 285 1038 se
306 998 413 1038 aibat
432 998 642 1051 quisquam
658 1012 667 1037 ε
696 1012 805 1038 nunc
824 1012 919 1038 vero
939 999 1047 1038 domi
1512 1001 1537 1042 5

68 1065 230 1106 Certum
250 1065 427 1106 obsidere
448 1072 507 1105 est
525 1079 661 1119 usque,
684 1065 810 1106 donec
830 1066 1001 1106 redierit.

473 1265 650 1306 ACTUS
682 1266 756 1306 IV.
816 1267 998 1307 SCENA
1029 1267 1129 1307 VII.

619 1368 765 1408 M1010.
823 1370 993 1409 Duum.

71 1470 147 1509 Μι.
189 1469 274 1518 Ibo,
294 1468 371 1508 illis
390 1468 533 1517 dicam,
553 1468 707 1508 nullam
727 1482 811 1508 esse
831 1469 872 1508 in
893 1470 1007 1509 nobis
1027 1485 1193 1511 moram.

68 1538 147 1577 DE.
190 1537 268 1577 Sed
287 1550 427 1576 eccum
446 1525 577 1590 ipsum
595 1550 603 1575 :
634 1542 672 1576 te
686 1536 926 1589 jamdudum
947 1550 1093 1589 quaero,
1118 1540 1154 1577 Ο
1176 1539 1313 1579 Micio.

67 1605 146 1645 M1.
186 1604 418 1649 Quidnam?
502 1604 582 1643 Da.
620 1603 720 1643 Fero
740 1603 818 1643 alia
838 1603 990 1656 flagitia
1009 1605 1061 1644 ad
1082 1611 1120 1644 te
1140 1606 1322 1659 ingentia

68 1673 171 1713 Boni
189 1672 294 1712 illius
313 1659 587 1712 adulescentis.
675 1670 752 1710 M1.
792 1671 896 1711 Ecce
917 1678 1065 1712 autem.
1152 1674 1231 1713 DE.
1271 1674 1400 1722 Nova,

68 1738 273 1793 Capitalia.
360 1738 437 1777 M1.
487 1738 575 1778 Ohe
592 1738 601 1776 !
640 1737 784 1790 jam—
838 1738 917 1778 Da.
966 1739 1035 1778 Ah
1051 1740 1060 1778 !
1106 1741 1246 1790 nescis,
1283 1742 1350 1794 qui
1384 1743 1444 1782 vir
1477 1743 1537 1782 sit.

232 1805 310 1844 M1.
352 1804 453 1844 Scio.
1512 1813 1535 1848 5

67 1872 147 1911 Da.
188 1871 224 1911 Ο
244 1870 373 1919 stulte,
395 1877 440 1909 tu
458 1869 506 1909 de
526 1869 690 1923 psaltria
707 1883 773 1908 me
794 1869 967 1909 somnias

67 1940 201 1991 Agere
220 1952 228 1976 :
259 1937 334 1976 hoc
354 1942 564 1990 peccatum
583 1936 625 1974 in
645 1936 842 1988 virginem
863 1942 923 1976 est
943 1937 1085 1977 civem.
1172 1938 1250 1978 M1.
1293 1939 1394 1978 Seio.

68 2005 146 2044 Da.
180 2003 295 2044 Oho!
326 2002 402 2042 scis
421 2008 461 2042 et
478 2002 644 2055 patere?
707 2001 785 2041 M1.
821 2002 972 2046 Quidni
990 2004 1149 2056 patiar?
1219 2005 1298 2044 DE.
1330 2005 1406 2045 Dic
1427 2005 1536 2054 mihi,

67 2073 161 2112 Non
181 2071 358 2111 clamas?
385 2083 468 2109 non
487 2068 667 2108 insanis?
751 2068 828 2108 M1.
869 2069 962 2108 Non
982 2084 990 2108 ε
1021 2070 1160 2110 malim
1180 2071 1398 2123 quidem—

67 2138 146 2178 Da.
187 2137 292 2176 Puer
310 2136 489 2176 natus'st.
585 2134 662 2174 M1.
708 2135 763 2174 Di
780 2135 883 2174 bene
905 2142 1074 2175 vortant.
1170 2137 1248 2176 ΒΕ.
1290 2138 1416 2191 Virgo
1438 2138 1539 2178 nihil

227 2202 362 2243 habet.
1491 2206 1539 2242 10

68 2271 146 2311 Ml.
185 2269 347 2310 Audivi.
432 2269 511 2308 Da.
547 2268 600 2308 Et
618 2268 801 2308 ducenda
819 2268 1059 2310 indotata'st.
1146 2270 1225 2309 M1.
1267 2270 1437 2310 Scilicet.

67 2339 146 2379 DE.
186 2337 294 2383 Quid
311 2350 419 2376 nunc
437 2336 694 2376 futurum’st?
768 2336 846 2375 M1.
889 2336 938 2376 Id
958 2337 1078 2386 enim,
1102 2339 1209 2391 quod
1228 2352 1291 2378 res
1310 2338 1397 2393 ipsa
1417 2339 1516 2378 fert:

68 2404 184 2444 Illinc
203 2403 280 2443 huc
301 2403 558 2442 transferetur
576 2402 701 2455 virgo.
786 2402 866 2442 DE.
907 2404 943 2442 Ο
964 2403 1134 2456 Jupiter,

69 2471 264 2513 Istoecine
283 2476 400 2523 pacto
420 2469 602 2522 oportet?
686 2468 763 2508 M1.
803 2468 911 2513 Quid
929 2469 1075 2508 faciam
1095 2470 1296 2523 amplius?

68 2537 146 2576 Da.
186 2536 294 2581 Quid
310 2535 458 2575 facias?
486 2535 519 2574 si
537 2548 618 2573 non
637 2533 723 2587 ipsa
741 2548 783 2573 re
804 2535 875 2574 tibi
894 2535 994 2574 istuc
1015 2535 1134 2584 dolet,
1489 2540 1534 2576 15

69 2602 262 2643 Simulare
282 2607 387 2641 certe
407 2606 467 2639 est
484 2599 669 2639 hominis.
755 2600 801 2638 M
806 2614 832 2639 1.
873 2601 980 2644 Quin
996 2600 1081 2653 jam
1101 2602 1299 2655 virginem

70 2667 274 2721 Despondi
291 2682 299 2706 :
330 2681 392 2706 res
411 2666 629 2719 composita
649 2671 707 2705 est
723 2680 731 2705 :
762 2666 864 2706 fiunt
882 2667 1033 2720 nuptiae
1051 2682 1059 2706 ε

69 2735 208 2775 Demsi
227 2740 379 2773 metum
399 2747 559 2773 omnem
577 2748 585 2773 ε
613 2732 701 2772 haec
721 2734 847 2786 magis
867 2740 959 2773 sunt
977 2734 1162 2775 hominis.
1232 2737 1310 2776 DE.
1335 2737 1531 2786 Ceterum,

70 2802 206 2843 Placet
224 2802 295 2841 tibi
312 2802 474 2850 factum,
498 2800 648 2840 Micio?
732 2800 809 2840 M1.
848 2801 954 2849 Non,
977 2801 1009 2841 si
1029 2816 1173 2856 queam
