1670 3080
140 147 203 192 50
736 161 1020 194 EUNUCHUS.

138 249 163 270 “
180 246 306 296 Heus,
327 245 438 296 heus,
460 246 531 286 tibi
551 246 652 296 dico,
675 246 880 297 Chaerea,”
909 247 1064 301 inquit:
1094 247 1232 287 restiti.

138 317 162 337 “
178 314 284 354 Scin'
305 314 401 367 quid
421 328 495 367 ego
515 320 553 354 te
573 313 754 354 volebam
769 315 784 354 2
799 314 820 330 '’
850 315 928 355 Dic
945 329 954 352 z
987 319 1011 338 ‘⁴
1025 315 1121 354 Cras
1140 321 1199 355 est
1216 314 1317 356 mihi

135 380 381 420 Judicium.”
439 381 547 426 Quid
565 382 681 420 tum?
739 386 762 405 “
778 383 835 421 Ut
853 382 1063 435 diligenter
1081 383 1242 422 nunties

135 447 255 497 Patri,
278 448 493 488 advocatus
511 463 630 488 mane
649 449 706 488 mi
727 463 810 488 esse
829 455 875 488 ut
893 448 1162 488 meminerit.’'

133 515 244 556 Dum
263 516 351 556 haec
370 516 555 569 loquitur,
578 517 675 556 abiit
692 517 790 556 hora
807 530 815 555 :
845 530 941 569 rogo
960 529 1059 555 num
1079 515 1175 569 quid
1193 515 1300 556 velit.
1548 520 1602 560 50

136 586 161 606 “
176 583 342 633 Recte,”
360 584 491 637 inquit
507 599 515 623 :
546 585 645 623 abeo
662 598 670 622 ε
702 597 794 623 cum
812 583 891 622 huc
910 583 1078 636 respicio
1096 584 1149 623 ad
1166 583 1375 637 virginem,

133 649 211 691 Illa
229 664 313 690 sese
331 650 484 690 interea
504 651 757 690 commodum
776 650 855 689 huc
876 650 1102 690 advorterat

134 716 184 756 In
202 716 306 757 hanc
326 723 501 757 nostram
521 716 708 770 plateam.
794 716 866 755 PA.
907 716 1060 756 Mirum
1079 716 1122 756 ni
1140 716 1244 757 hanc
1263 717 1370 766 dicit,
1390 718 1510 758 modo

133 783 241 823 Huic
262 798 351 837 quae
372 784 515 823 data’st
533 784 648 823 dono.
734 783 809 823 Cn.
851 783 944 823 Huc
965 797 1058 823 cum
1077 785 1258 834 advenio,
1278 785 1390 825 nulla.
1407 791 1503 826 erat.

131 851 204 891 PA.
241 851 414 890 Comites
434 850 558 890 secuti
577 850 728 889 scilicet
746 855 838 889 sunt
857 849 1065 902 virginem.
1545 853 1597 895 55

131 918 207 957 Cu.
243 918 396 958 Verum
416 932 425 966 ;
456 917 651 970 parasitus
671 930 763 956 cum
782 916 938 956 ancilla.
1024 916 1097 956 PA.
1138 916 1307 970 Ipsa'st:
1336 916 1470 958 ilicet:

129 983 279 1023 Desine
298 998 306 1022 :
332 984 418 1036 jam
439 982 794 1022 conclamatum’st.
879 983 956 1022 Cn.
995 982 1109 1023 Alias
1127 997 1191 1023 res
1210 983 1307 1036 agis.

130 1050 203 1090 PA.
245 1051 351 1090 Istuc
371 1064 446 1103 ago
467 1050 663 1103 equidem.
749 1050 824 1089 011.
864 1049 1022 1089 Nostin’
1042 1064 1178 1103 quaeso
1191 1051 1256 1091 dic
1275 1050 1387 1101 mihi,
1407 1057 1477 1092 aut

131 1118 346 1158 Vidistin’?
431 1118 502 1157 PA.
544 1118 651 1166 Vidi,
674 1118 790 1157 novi:
821 1117 912 1166 scio,
936 1131 1015 1171 quo
1035 1118 1209 1158 abducta
1225 1118 1287 1158 sit.

128 1184 203 1223 Cn.
243 1184 354 1224 Eho!
387 1185 584 1224 Parmeno
603 1184 671 1234 mi,
692 1185 850 1234 nostin’,
872 1190 912 1224 et
930 1185 1005 1224 scis
1023 1185 1093 1225 ubi
1111 1185 1215 1225 siet?
1541 1189 1595 1226 60

128 1251 200 1290 PA.
242 1251 336 1291 Huc
356 1251 577 1291 deducta'st
595 1252 647 1291 ad
664 1252 914 1291 meretricem
933 1251 1130 1291 Thaidem
1146 1266 1156 1291 ε
1187 1252 1223 1291 ei
1242 1252 1348 1292 dono
1367 1251 1473 1292 data'
1473 1256 1521 1292 st.

127 1319 202 1358 Cn.
234 1319 333 1363 Quis
352 1319 385 1358 is
406 1325 465 1359 est
483 1324 566 1359 tam
583 1324 735 1373 potens,
759 1333 851 1359 cum
871 1324 981 1358 tanto
999 1332 1165 1359 munere
1184 1319 1260 1360 hoc
1273 1343 1284 1359 ι
1371 1319 1444 1360 PA.
1475 1319 1596 1361 Miles
1661 1334 1670 1372 5

288 1385 451 1434 Thraso,
1660 1377 1670 1456 i

126 1452 322 1492 Phaedriae
342 1453 486 1493 rivalis.
573 1454 648 1493 011.
688 1454 821 1494 Duras
839 1453 972 1493 fratris
989 1458 1122 1507 partes
1139 1453 1343 1507 praedicas.
1657 1463 1670 1518 ,ἑ

126 1518 198 1557 PA.
240 1519 371 1558 Immo
392 1520 499 1559 enim
517 1520 553 1559 si
572 1520 672 1560 scias
691 1521 798 1573 quod
817 1521 967 1560 donum
987 1521 1093 1560 dono
1105 1520 1199 1560 huic
1219 1525 1358 1560 contra
1376 1526 1591 1574 comparet,
1655 1518 1670 1556 ’ἑ

123 1585 258 1637 Magis
277 1586 318 1625 id
338 1586 456 1627 dicas.
516 1588 591 1626 Cu.
617 1588 842 1637 Quodnam,
864 1601 999 1640 quaeso
1017 1586 1181 1626 hercle?
1236 1586 1310 1626 PA.
1337 1586 1591 1627 Eunuchum.
1650 1562 1670 1619 j

286 1653 361 1691 Cu.
420 1653 605 1702 Illumne,
627 1654 801 1703 obsecro,
1538 1654 1591 1693 6⁵
1655 1706 1657 1711 Ι

122 1718 386 1759 Inhonestum
405 1720 622 1770 hominem,
641 1735 761 1774 quem
779 1726 977 1761 mercatus
997 1726 1056 1761 est
1079 1720 1177 1770 heri,
1198 1733 1336 1761 senem
1353 1719 1594 1760 mulierem?
1652 1723 1670 1764 ¹,

121 1786 193 1824 PA.
234 1787 371 1826 Istunc
390 1787 533 1840 ipsum.
621 1789 696 1827 Cn.
738 1789 873 1828 Homo
893 1788 1093 1841 quatietur
1111 1793 1218 1828 certe
1238 1801 1331 1827 cum
1349 1787 1455 1827 dono
1473 1786 1589 1826 foras.
1646 1787 1647 1790 ’

121 1852 199 1892 Sed
217 1853 335 1892 istam
354 1854 549 1894 Thaidem
568 1869 650 1894 non
670 1856 768 1895 scivi
786 1856 901 1895 nobis
919 1855 1106 1895 vicinam.
1196 1855 1270 1895 PA.
1315 1853 1441 1894 Haud
1458 1853 1540 1894 diu’
1540 1858 1590 1894 st.
1644 1845 1670 1902 ff

119 1918 194 1957 Cn.
235 1919 350 1967 Perii,
390 1933 649 1972 nunquamne
688 1922 809 1961 etiam
845 1935 910 1960 me
948 1921 1059 1961 illam
1097 1921 1266 1962 vidisse.
1253 1922 1270 1950 Ψ
1316 1909 1490 1961 ehodum
1525 1918 1590 1960 dic
1614 1922 1670 2091 ἐ

1634 2088 1669 2232 ’ἓ

1631 2303 1648 2330 r

1635 2385 1647 2407 ‘r

279 1985 405 2024 mihi:

118 2050 252 2100 Estne,
273 2057 320 2091 ut
337 2051 474 2100 fertur,
495 2052 651 2091 forma?
725 2052 798 2091 PA.
840 2052 1202 2092 Sane.C11.At
1220 2051 1321 2091 nihil
1340 2051 1393 2092 ad
1411 2055 1590 2092 nostram

278 2116 395 2174 hanc.
482 2118 554 2156 PA.
595 2117 690 2156 Alia
708 2131 783 2157 res.
1535 2118 1588 2158 70
1635 2150 1637 2154 .

116 2184 191 2223 Cn.
214 2184 390 2224 Obsecro
407 2183 553 2233 hercle,
577 2184 785 2233 Parmeno,
806 2185 869 2223 fac
887 2189 934 2223 ut
951 2184 1092 2237 potiar.
1151 2184 1223 2224 ΡΑ.
1257 2184 1418 2224 Faciam
1436 2183 1585 2230 sedulo,

116 2250 231 2290 Dabo
250 2264 423 2304 operam,
445 2250 632 2304 adjutabo
648 2265 657 2290 ε
681 2264 779 2289 1111111
799 2250 895 2303 quid
913 2264 978 2290 me
998 2250 1135 2290 aliud?
1191 2251 1267 2290 Cn.
1289 2252 1380 2295 Quo
1399 2264 1506 2290 nunc
1524 2250 1589 2290 is?

277 2317 349 2358 PA.
389 2318 578 2365 Domum,

112 2385 169 2424 Ut
186 2384 386 2438 mancipia
403 2384 503 2433 haec,
523 2385 580 2423 ita
597 2384 657 2423 uti
669 2383 788 2437 jussit
805 2384 942 2432 frater,
965 2383 1108 2423 ducam
1128 2382 1180 2422 ad
1199 2381 1408 2422 Thaidem.

113 2451 187 2490 Cu.
229 2452 265 2490 O
284 2451 530 2490 fortunatum
550 2451 671 2490 istum
691 2449 945 2498 Eunuchum,
977 2449 1045 2503 qui
1078 2449 1241 2502 quidem
1267 2448 1312 2487 in
1339 2447 1447 2487 hanc
1466 2447 1586 2488 detur
1619 2449 1649 2509 ᾗ

397 2517 465 2555 m!
1615 2555 1620 2558 .

111 2516 429 2626 Mgdnitlzlz.
417 2583 433 2609 ‘²
516 2582 591 2621 Cn.
632 2581 826 2634 Rogitas?
853 2593 1011 2620 summa
1028 2580 1157 2620 forma
1175 2592 1332 2632 semper
1349 2591 1582 2619 conservam
1614 2585 1623 2632 ζ
1641 2600 1648 2635 j

273 2648 381 2687 domi
1527 2646 1615 2686 ‘7⁵
1617 2679 1619 2682 ⁴

110 2714 284 2763 Videbit,
306 2714 552 2767 colloquetur
568 2728 577 2753 ε
607 2713 734 2754 aderit
751 2727 834 2752 una
852 2713 895 2752 in
913 2713 1006 2752 unis
1025 2712 1178 2752 aedibus
1194 2725 1204 2750 :

109 2781 253 2822 Cibum
271 2794 562 2833 nonnunquam
582 2780 711 2834 capiet
729 2794 822 2820 cum
842 2793 914 2819 ea:
943 2780 1145 2819 interdum
1163 2783 1324 2831 propter
1342 2778 1524 2818 dormiet.

173 2847 341 2897 ,Quid,
362 2848 395 2887 si
413 2861 521 2888 nunc
540 2853 624 2887 tute
642 2848 865 2887 fortunatus
884 2847 981 2887 fias.
970 2847 986 2875 ’θ
1048 2846 1124 2886 Cn.
1164 2847 1256 2890 Qua
1273 2858 1329 2892 re,
1352 2845 1623 2890 Pannenor‘g
1607 2890 1630 2917 μ’
