1670 3080
130 132 226 181 1632
743 147 968 180 HECYRA.

564 301 742 340 ACTUS
773 300 856 340 III.
916 300 1097 340 SCENA
1139 305 1203 348 ΙΙ.

461 405 687 445 SosmA’rA.
745 403 965 443 PARMENo.
1025 403 1286 444 Pmrmms.

132 509 199 549 So.
239 509 387 549 Nescio
406 508 502 562 quid
515 506 756 561 jamdudum
776 506 894 546 audio
912 506 978 545 hic
1000 505 1246 555 tumultuari,
1268 505 1440 550 misera!
1474 516 1476 518 ’

132 575 242 616 Male
261 582 409 625 metuo,
431 589 482 615 ne
505 575 755 614 Philumenae
775 574 903 627 magis
922 574 1083 612 morbus
1103 579 1386 626 aggravescat:

131 642 250 687 Quod
268 648 318 692 te,
341 642 558 695 AEsculapi‚
581 647 622 680 et
639 647 690 690 te,
715 640 840 689 Salus,
861 653 913 679 ne
933 639 1030 693 quid
1049 639 1098 678 sit
1115 638 1246 692 hujus,
1268 653 1348 680 oro.

131 709 251 749 Nunc
291 709 343 749 ad
380 724 470 749 eam
507 709 646 749 visam.
742 707 844 747 PAR.
895 707 1010 746 Heus
1026 706 1036 745 !
1077 707 1265 747 Sostrata.
1351 707 1418 748 So.
1467 706 1602 750 Hem!

295 778 397 817 PAR.
436 778 588 817 Iterum
608 776 723 816 istinc
743 774 983 815 excludere?

130 844 196 884 so.
218 843 347 884 Ehem
364 844 373 883 !
397 844 607 892 Parmeno,
629 842 714 882 tun'
729 841 795 881 hic
815 841 928 881 eras?
946 840 1058 894 perii,
1081 840 1177 894 quid
1194 840 1342 880 faciam
1359 841 1534 882 misera?
1576 845 1601 884 5

129 910 224 951 Non
243 911 371 951 visam
389 924 557 952 uxorem
578 909 790 963 Pamphili,
813 923 905 948 cum
923 909 965 947 in
986 922 1184 962 proxumo
1201 906 1267 949 hic
1288 909 1339 949 sit
1357 910 1496 963 aegra?

129 978 231 1018 PAR.
271 979 365 1018 Non
386 978 517 1018 visas?
544 991 596 1017 ne
615 976 750 1017 mittas
770 976 932 1029 quidem
950 976 1107 1016 visendi
1126 989 1245 1016 causa
1264 990 1505 1031 quenquam.

128 1045 236 1085 Nam
256 1045 323 1099 qui
343 1050 461 1095 amat,
484 1045 549 1085 cui
569 1044 658 1084 odio
677 1045 785 1098 ipsus
805 1050 875 1093 est,
897 1044 959 1083 bis
977 1045 1108 1084 facere
1129 1044 1247 1085 stulte
1267 1045 1382 1085 duco.

128 1111 326 1151 Laborem
345 1111 508 1151 inanem
527 1111 635 1164 ipsus
655 1110 772 1164 capit,
794 1116 834 1150 et
852 1110 910 1150 illi
929 1110 1155 1150 molestiam
1175 1110 1300 1151 affert.

126 1179 231 1219 Tum
252 1179 356 1219 filius
376 1184 467 1219 tuus
486 1179 649 1227 introiit,
671 1178 817 1227 videre,
839 1184 885 1218 ut
903 1179 1025 1228 venit,
1048 1178 1145 1233 quid
1163 1184 1269 1232 agat.
1552 1184 1603 1222 10

130 1248 195 1287 So.
237 1247 345 1293 Quid
370 1248 458 1287 ais?
490 1261 542 1287 an
570 1247 682 1287 venit
711 1246 973 1301 Pamphilus?
1055 1248 1158 1287 PAR.
1199 1247 1335 1288 Venit.
1421 1249 1487 1288 So.
1527 1249 1604 1291 Dis

287 1315 458 1368 gratiam
476 1314 618 1354 habeo.

124 1383 259 1422 Hem!
290 1383 387 1422 istoc
407 1383 529 1422 verbo
549 1382 707 1422 animus
727 1383 784 1422 mi
802 1382 931 1432 rediit,
954 1388 995 1422 et
1013 1397 1109 1423 cura
1128 1397 1180 1423 ex
1198 1383 1316 1424 corde
1337 1384 1517 1426 excessit.

126 1449 228 1489 PAR.
269 1450 294 1489 J
297 1464 362 1489 am
382 1464 430 1490 ea
449 1455 487 1489 te
508 1463 627 1490 causa
645 1464 835 1490 maxume
853 1464 962 1490 nunc
980 1450 1059 1491 huc
1079 1451 1242 1491 introire
1262 1451 1355 1492 nolo
1372 1467 1381 1493 :

125 1517 245 1567 Nam,
268 1518 301 1558 si
319 1518 526 1557 remittent
544 1517 750 1571 quippiam
771 1517 1053 1558 Philumenam
1074 1518 1239 1570 dolores,

125 1585 302 1624 Omnem
321 1599 407 1624 rem
426 1585 614 1633 narrabit,
637 1585 730 1634 scio,
752 1585 943 1624 continuo
963 1585 1046 1625 sola
1063 1585 1149 1626 soli.
1550 1592 1599 1631 15

124 1653 226 1698 Quae
245 1652 350 1692 inter
368 1666 437 1692 vos
457 1652 756 1702 intervenerint,
778 1653 885 1692 unde
905 1658 1037 1693 ortum
1057 1659 1116 1693 est
1133 1653 1292 1695 initium
1311 1655 1394 1696 irae.

123 1719 259 1772 Atque
279 1734 430 1770 eccum,
452 1720 569 1760 video
588 1721 721 1774 ipsum
740 1720 887 1774 egredi,
910 1733 1032 1773 quam
1052 1721 1184 1761 tristis.
1243 1723 1310 1763 So.
1333 1723 1370 1763 Ο
1389 1722 1446 1763 mi
1463 1733 1601 1778 gnate.

125 1786 231 1827 ΡΑΜ.
270 1788 370 1828 Mea
389 1795 528 1838 mater,
551 1789 672 1829 salve.
768 1790 834 1829 So.
876 1789 1044 1829 Gaudeo
1063 1790 1220 1830 venisse
1240 1790 1418 1832 salvom:
1448 1791 1599 1834 salvan’

125 1853 365 1896 Philumena
384 1857 472 1895 est?
556 1855 663 1896 PAM.
705 1855 948 1896 Meliuscula
966 1862 1036 1897 est.
1132 1857 1198 1897 So.
1238 1857 1405 1898 Utinam
1423 1859 1524 1900 istuc
1542 1860 1600 1902 ita

289 1922 345 1962 Di
363 1923 505 1963 faxint.

121 1988 231 2034 Quid
251 1994 294 2029 tu
312 1990 434 2043 igitur
452 1990 677 2043 lacrymas?
705 1995 775 2041 aut
794 1991 889 2043 quid
909 2005 950 2031 es
969 1996 1052 2031 tam
1072 1992 1224 2032 tristis?
1271 2039 1279 2046 ι
1311 1993 1418 2034 ΡΑΜ.
1458 1995 1597 2045 Recte,

285 2063 424 2099 mater.
1545 2065 1601 2104 20

123 2125 189 2165 So.
225 2124 333 2171 Quid
351 2125 427 2166 fuit
445 2125 637 2165 tumulti?
665 2125 728 2166 dic
747 2125 869 2166 mihi:
901 2140 952 2166 an
973 2125 1086 2166 dolor
1103 2132 1269 2181 repente
1287 2128 1463 2170 invasit?

123 2191 229 2232 ΡΑΜ.
281 2193 346 2232 Ita
376 2193 581 2234 factum’st
694 2194 759 2233 So.
800 2193 908 2238 Quid
939 2194 1069 2234 morbi
1102 2196 1188 2235 est?
1288 2196 1396 2236 PAM.
1446 2197 1596 2238 Febris.

286 2261 352 2301 So.
393 2260 665 2305 Quotidiana?
748 2262 855 2301 PAM.
897 2262 962 2301 Ita
980 2262 1104 2304 aiunt.

124 2328 146 2370 I
163 2328 278 2370 sodes
295 2328 412 2377 intro,
434 2342 655 2381 consequar
667 2328 755 2382 jam
775 2334 826 2377 te,
847 2343 939 2368 mea
957 2335 1098 2370 mater.
1184 2331 1248 2370 So.
1289 2331 1391 2372 Fiat,

122 2397 230 2439 PAM.
269 2397 333 2437 Tu
350 2396 483 2450 pueris
504 2410 629 2446 curre,
652 2397 862 2445 Parmeno,
885 2396 1056 2446 obviam,
1078 2402 1197 2450 atque
1217 2397 1274 2438 eis
1293 2412 1415 2439 onera
1432 2399 1581 2454 adjuta.

122 2464 224 2507 PAR·
283 2463 419 2507 Quid?
464 2476 547 2502 non
595 2462 727 2505 sciunt
771 2462 847 2516 ipsi
893 2463 1013 2512 viam,
1062 2463 1229 2508 domum
1277 2478 1356 2520 qua
1400 2466 1597 2507 redeant?

284 2531 392 2572 PAM.
433 2529 599 2571 Cessas?
1538 2521 1593 2575 ‘25
