1670 3080
510 131 670 162 Aeros
706 131 773 163 lv,
844 133 1008 164 SCENA
1043 135 1131 166 vn.
1491 120 1549 167 65

94 219 175 259 Gn.
215 217 315 258 Illuc
335 223 395 257 est
412 231 570 271 sapere:
600 225 646 258 ut
662 218 781 258 hosce
799 219 996 269 instruxit,
1017 220 1126 273 ipsus
1146 222 1219 261 sibi
1238 223 1342 262 cavit
1360 223 1456 263 loco.

92 283 197 324 Tan.
239 284 352 324 Idem
370 284 445 324 hoc
464 284 551 337 jam
573 285 746 337 Pyrrhus
765 285 971 325 factitavit.
1058 287 1132 326 Cu.
1175 288 1319 328 Viden’
1340 294 1393 337 tu,
1416 289 1547 338 Thais,

252 365 371 404 quam
389 351 454 391 hie
474 365 558 391 rem
578 352 686 404 agit?

89 417 290 458 Nimirum
311 418 518 458 consilium
538 418 636 458 illud
654 419 857 458 rectum'st
875 419 924 459 de
944 419 1196 459 occludendis
1217 422 1380 461 aedibus.

86 483 165 524 Tu.
205 485 320 535 Sane,
354 485 422 538 qui
454 485 526 525 tibi
558 499 666 524 nunc
701 485 760 524 vir
789 485 947 525 videtur
977 499 1072 533 esse,
1108 485 1172 526 hic
1203 487 1349 527 nebulo
1379 501 1548 541 magnus

246 557 331 591 est:
1498 557 1546 594 15

85 617 150 658 Ne
169 623 334 658 metuas.
391 618 498 658 Tun.
529 617 636 663 Quid
654 618 840 658 videtur?
896 620 976 659 GN.
1008 619 1191 659 Fundam
1209 620 1282 660 tibi
1300 634 1407 661 nunc
1427 621 1546 661 nimis

246 685 389 724 vellem
408 685 505 734 dari,

82 752 139 791 Ut
156 758 200 792 tu
218 752 305 792 illos
322 752 460 806 procul
478 753 572 792 hinc
592 766 642 792 ex
662 752 814 792 occulto
834 753 1006 792 caederes
1024 767 1032 792 :
1062 753 1240 792 facerent
1258 753 1409 806 fugam.

81 818 187 858 Tum
237 820 316 859 Sed
352 833 487 859 eccam
525 819 719 859 Thaidem
756 819 884 872 ipsam
921 819 1049 858 video.
1150 820 1230 859 GN.
1280 820 1412 865 Quam
1449 835 1544 860 mox

242 886 457 926 irruimus?
538 885 645 925 Tim.
687 885 837 924 Mane:

81 952 229 992 Omnia
246 952 354 1005 prius
373 952 552 1004 experiri,
574 965 694 1003 quam
713 951 844 999 armis,
866 951 1085 1004 sapientem
1105 951 1229 991 decet.

80 1019 160 1064 Qui
191 1018 267 1058 scis
299 1032 362 1067 an,
395 1032 484 1071 quae
510 1018 687 1071 J'ubeam‚
722 1018 807 1057 sine
840 1017 880 1056 vi
913 1017 1062 1056 faciat?
1146 1019 1228 1057 GN.
1269 1018 1334 1067 Di,
1370 1024 1542 1058 vostram

239 1084 372 1134 fidem,
820 1104 824 1107 “
1490 1088 1542 1124 20

78 1152 229 1197 Quanti
247 1157 306 1192 est
324 1153 490 1205 sapere?
516 1165 723 1204 nunquam
742 1151 899 1198 accedo,
922 1150 1018 1203 quin
1038 1150 1107 1190 abs
1128 1156 1165 1190 te
1185 1151 1325 1190 abeam
1345 1151 1505 1191 doctior.

78 1218 185 1258 Tun.
225 1217 357 1267 Thais,
395 1218 570 1271 primum
605 1217 682 1257 hoc
720 1217 822 1256 mihi
851 1217 1072 1269 responde:
1114 1231 1208 1257 cum
1240 1217 1312 1257 tibi
1344 1218 1394 1258 do
1427 1218 1542 1258 istam

239 1285 447 1338 virginem,

78 1352 246 1400 Dixtin’,
265 1352 339 1392 hos
357 1352 458 1392 mihi
475 1352 558 1392 dies
577 1351 649 1391 soli
668 1352 761 1391 dare
781 1351 846 1391 te?
927 1350 1006 1390 ΤΗ.
1047 1349 1154 1395 Quid
1173 1356 1259 1390 tum
1278 1352 1444 1404 postea?

77 1418 184 1458 Tim.
225 1418 418 1471 Rogitas?
459 1432 549 1471 quae
582 1418 638 1458 mi
669 1423 760 1457 ante
790 1417 924 1457 oculos
957 1431 1091 1457 coram
1125 1423 1342 1458 amatorem
1376 1418 1542 1458 adduxti

238 1492 378 1525 tuum:

57 1552 186 1615 'Quid
203 1565 295 1591 cum
314 1551 404 1592 illoc
425 1551 548 1604 agas?
576 1556 615 1590 et
634 1565 725 1591 cum
746 1565 791 1590 eo
811 1551 915 1591 clam
934 1557 972 1590 te
992 1551 1180 1591 subduxti
1199 1551 1310 1592 mihi.
1490 1555 1540 1592 25

76 1619 154 1658 ΤΗ.
195 1618 356 1658 Lubuit.
439 1617 546 1657 Tun.
587 1617 839 1670 Pamphilam
866 1631 960 1670 ergo
986 1617 1064 1658 huc
1090 1617 1223 1666 redde,
1252 1617 1329 1657 nisi
1356 1618 1390 1657 si
1415 1618 1541 1657 mavis

239 1699 349 1738 eripi.

78 1754 152 1793 Cn.
193 1753 283 1792 Tibi
301 1751 411 1792 illam
430 1752 580 1800 reddat,
603 1756 671 1791 aut
689 1758 733 1790 tu
753 1764 842 1790 eam
862 1751 1033 1803 tangas?
1062 1750 1265 1790 omnium!
1338 1751 1417 1790 GN.
1460 1751 1538 1798 Ah,

238 1819 334 1872 quid
352 1819 462 1871 agis?
491 1823 588 1857 tace.

76 1887 183 1926 Tun.
223 1885 332 1930 Quid
360 1891 405 1924 tu
429 1885 502 1923 tibi
529 1883 617 1923 vis?
645 1897 720 1936 ego
747 1897 829 1923 non
859 1889 1024 1936 tangam
1051 1883 1215 1923 meam?
1299 1883 1374 1924 Cn.
1413 1882 1541 1922 Tuam

238 1957 383 2000 autem,
402 1950 594 1990 furcifer?

79 2022 159 2060 GN.
200 2020 304 2059 Cave
331 2019 410 2058 sis:
439 2018 579 2066 nescis,
608 2016 672 2056 cui
701 2016 916 2056 maledicas
942 2030 1050 2056 nunc
1078 2016 1175 2055 viro.
1262 2016 1337 2055 Cn.
1378 2015 1471 2055 Non
1499 2022 1542 2055 tu

237 2085 331 2125 hinc
351 2084 465 2124 abis?

79 2153 182 2193 Scin’
209 2158 263 2200 tu,
295 2158 341 2191 ut
371 2151 444 2191 tibi
474 2165 537 2191 res
570 2165 611 2190 se
643 2149 816 2189 habeat?
855 2149 888 2188 si
921 2148 1134 2202 quicquam
1165 2147 1282 2188 hodie
1315 2148 1380 2188 hic
1415 2149 1541 2188 turbae

237 2218 415 2272 coeperiS,
1490 2217 1542 2252 30

79 2287 249 2335 Faciam,
270 2292 316 2326 ut
332 2285 451 2338 hujus
468 2284 547 2324 loci
566 2283 723 2336 dieique
743 2282 901 2335 meique
921 2295 1078 2334 semper
1097 2281 1340 2321 memineris.

79 2354 160 2394 GN.
201 2353 366 2392 Miseret
384 2351 443 2391 tui
461 2365 538 2399 me,
561 2349 629 2403 qui
654 2349 762 2388 hunc
782 2354 939 2387 tantum
962 2347 1169 2387 hominem
1188 2347 1313 2387 facias
1332 2346 1542 2387 inimicum

239 2418 323 2458 tibi.

8 2536 11 2538 q
79 2487 154 2526 Cn.
194 2485 428 2525 Diminuam
447 2497 521 2536 ego
541 2487 660 2536 caput
679 2487 792 2521 tuum
810 2479 942 2529 hodie,
964 2479 1042 2519 nisi
1061 2480 1156 2520 abis.
1217 2481 1297 2520 GN.
1320 2479 1416 2520 Ain'
1437 2492 1542 2527 vero,

241 2551 349 2591 canis
363 2552 378 2589 ?

79 2619 233 2659 Siccine
253 2618 366 2670 agis?
447 2617 555 2656 Tim.
595 2616 694 2661 Quis
713 2620 758 2654 tu
775 2614 896 2654 homo
917 2615 989 2654 es?
1017 2614 1112 2668 quid
1131 2614 1202 2653 tibi
1223 2613 1311 2653 vis?
1339 2613 1434 2668 quid
1453 2627 1545 2652 cum

242 2685 309 2725 illa
326 2685 384 2725 rei
404 2684 474 2724 tibi
494 2684 581 2723 est?

6 2767 7 2771 ¹
82 2754 156 2793 Cn.
198 2752 323 2792 Scibis
340 2766 348 2791 :
391 2750 586 2805 principio
623 2764 712 2789 eam
750 2763 833 2789 esse
870 2749 958 2788 dico
994 2748 1172 2787 liberam.
1258 2747 1364 2787 Tmz.
1407 2745 1514 2785 Hem
1533 2747 1542 2784 !

244 2819 319 2859 Cn.
360 2819 497 2858 Civem
519 2817 708 2856 Atticam.
793 2816 901 2855 Tun.
944 2814 1028 2855 Hui
1045 2815 1054 2853 !
1493 2814 1544 2851 35
