1670 3080
493 136 651 175 A'c'ros
685 136 733 174 ν.
805 135 970 174 SCENA
1005 141 1073 173 v1.
1487 126 1550 174 85

79 219 144 267 De
169 239 304 275 uxore,
334 222 393 267 ita
417 232 462 266 ut
487 226 655 281 possedi,
687 225 746 266 nil
771 230 902 266 mutat
921 225 1123 266 Chremes.
1209 225 1284 265 Cn.
1325 226 1453 267 Causa
1482 241 1553 281 op·

241 300 353 334 tuma
370 293 442 334 ’st:

79 360 168 401 Nisi
203 345 334 414 siqdid
369 365 484 415 pater
515 362 572 402 ait
599 361 719 402 aliud.
806 361 879 401 ΡΑ.
919 360 1135 415 Nempe—
1188 360 1245 400 ει.
1301 360 1351 401 Id
1388 361 1548 401 scilicet.

240 427 316 468 Cn.
356 428 452 478 Dos,
475 428 694 483 Pamphile,
716 434 776 469 est

77 495 230 535 Decem
256 495 416 535 talenta.
503 497 575 536 ΡΑ.
614 495 793 550 Accipio.
882 496 956 535 Cn.
997 496 1171 550 Propero
1199 495 1251 536 ad
1280 495 1430 545 filiam;
1462 497 1547 546 eho,

236 575 409 611 mecum,
432 562 567 603 Crito:

76 628 182 668 Nam
201 627 310 669 illam
330 643 395 669 me
415 630 532 670 credo
550 629 659 670 haud
677 643 804 671 nosse.
891 631 948 670 81.
991 631 1072 671 Cur
1089 644 1171 671 non
1190 630 1301 671 illam
1324 631 1403 671 huc
1422 637 1549 672 trans—

234 695 329 735 ferri
341 696 488 750 jubes?

75 761 147 801 ΡΑ.
169 762 294 802 Recte
314 763 517 804 admones.
548 763 665 804 Davo
685 777 760 818 ego
778 764 880 805 istuc
900 763 1046 805 dedam
1059 764 1147 817 jam
1165 764 1314 818 negoti.
1373 766 1429 804 S1.
1452 765 1547 806 Non

235 835 376 882 potest.
1494 836 1547 872 50

74 894 146 934 ΡΑ.
187 895 296 940 Qui?
387 897 444 936 S1.
493 898 598 942 Quia
634 897 756 938 habet
788 898 897 938 aliud
933 899 1063 952 magis
1100 911 1152 938 ex
1189 912 1286 947 sese,
1327 904 1366 938 et
1402 901 1543 953 majus.

235 962 308 1002 ΡΑ.
348 963 581 1009 Quidnam?
665 965 721 1005 Sr.
762 965 932 1005 Vinctus
951 971 1021 1005 est.

72 1027 144 1068 ΡΑ.
186 1028 314 1078 Pater,
335 1042 417 1071 non
435 1036 542 1070 recte
561 1030 779 1071 vinctus’st.
867 1033 923 1072 S1.
963 1033 1021 1071 At
1047 1032 1104 1072 ita
1125 1033 1238 1086 jussi.
1326 1033 1397 1072 ΡΑ.
1438 1033 1543 1073 Jube

195 1157 198 1159 Β
233 1095 343 1145 solvi,
365 1097 542 1138 obsecro.

71 1162 127 1202 S1.
159 1158 248 1218 Age
267 1163 350 1204 fiat.
422 1165 494 1205 ΡΑ.
525 1165 584 1206 At
600 1171 768 1207 mature.
839 1167 894 1206 Sr.
936 1166 996 1207 Eo
1015 1167 1133 1207 intro.
1206 1167 1278 1206 ΡΑ.
1311 1167 1348 1207 Ο
1367 1168 1541 1208 faustum

231 1236 272 1270 et
289 1230 447 1284 felicem
466 1232 573 1272 diem
589 1233 600 1272 !

502 1432 680 1472 ACTUS
710 1433 762 1473 V.
821 1434 1002 1474 SCENA
1034 1435 1084 1474 V.

536 1532 768 1572 CHARmus.
802 1534 1063 1575 PAmrmnus.

67 1637 143 1677 Cu.
182 1637 356 1688 Proviso,
377 1638 474 1691 quid
492 1643 586 1692 agat
605 1637 862 1692 Pamphilus:
894 1646 1013 1692 atque
1033 1653 1185 1681 eccum.
1271 1642 1343 1683 ΡΑ.
1381 1641 1537 1696 Aliquis

226 1718 292 1744 me
311 1705 477 1745 forsitan

66 1771 195 1820 Putet,
216 1784 298 1811 non
316 1777 457 1826 putare
475 1771 552 1813 hoc
570 1786 737 1813 verum:
767 1779 810 1814 at
836 1773 938 1813 mihi
964 1787 1073 1815 nunc
1102 1775 1158 1815 sie
1187 1789 1271 1816 esse
1301 1776 1377 1817 hoc
1396 1790 1534 1817 verum

228 1840 366 1893 liquet.
1349 1854 1352 1855 ’

66 1907 152 1959 Ego
172 1906 350 1946 Deorum
369 1907 494 1947 vitam
514 1913 723 1961 eapropter
741 1909 1025 1962 sempiternam
1045 1923 1129 1950 esse
1150 1911 1328 1960 arbitror,

65 1973 183 2018 Quod
201 1972 423 2027 voluptates
442 1987 580 2013 eorum
597 1974 770 2027 propriae
789 1980 883 2015 sunt
899 1989 908 2014 ε
938 1988 1034 2015 nam
1053 1977 1111 2016 mi
1129 1977 1406 2018 immortalitas

64 2039 183 2080 Parta
200 2040 256 2090 ’st,
278 2040 311 2079 si
328 2040 439 2081 nulla
455 2054 635 2094 unquam
653 2042 848 2095 aegritudo
867 2043 960 2083 huic
978 2044 1126 2097 gaudio
1144 2045 1422 2086 intercesserit.
1508 2051 1532 2086 5

65 2106 144 2147 Sed
158 2120 276 2160 quem
292 2121 366 2161 ego
377 2107 477 2148 mihi
495 2109 745 2162 potissimum
761 2116 908 2163 optem,
927 2112 990 2151 cui
1005 2125 1114 2152 nunc
1129 2112 1217 2154 haee
1233 2127 1404 2163 narrem,
1419 2114 1535 2154 dari?

65 2173 138 2214 Cn.
179 2174 287 2219 Quid
303 2174 403 2215 illud
420 2175 542 2228 gaudi
561 2177 647 2216 est?
729 2177 802 2217 ΡΑ.
842 2178 1002 2218 Davom
1024 2180 1162 2220 video:
1193 2194 1312 2220 nemo
1331 2181 1389 2231 ’st,
1412 2195 1532 2235 quem

224 2241 385 2284 mallem
404 2243 607 2283 omnium:

64 2308 171 2350 Nam
188 2309 295 2350 hune
315 2310 395 2351 scio
413 2324 506 2351 mea
524 2310 647 2351 solide
668 2311 795 2352 solum
814 2313 1047 2366 gavisurum
1066 2314 1224 2366 gaudia.

495 2501 673 2541 ACTUS
702 2501 753 2541 V.
813 2500 996 2542 SCENA
1027 2503 1102 2543 VI.

400 2593 558 2634 DAvus.
634 2595 894 2635 PAMrmnus.
972 2596 1204 2637 emamus.

66 2692 146 2735 DA.
185 2693 416 2749 Pamphilus
442 2695 687 2735 ubinam’st‘?
770 2697 842 2736 ΡΑ.
883 2697 964 2737 Hic
993 2705 1064 2747 est,
1095 2699 1221 2739 Dave.
1311 2700 1391 2739 DA.
1434 2701 1532 2746 Quis

226 2760 346 2801 homo
364 2761 411 2801 'st
428 2762 444 2801 ’ἒ
527 2762 600 2801 ΡΛ.
640 2762 727 2815 Ego
747 2777 835 2803 sum
855 2763 1113 2818 Pamphilus:

36 2841 40 2847 ·
69 2823 208 2866 Nescis
227 2826 323 2880 quid
339 2827 397 2867 mi
415 2827 609 2880 obtigerit.
667 2828 747 2868 DA.
784 2829 924 2869 Certe:
954 2830 1024 2870 sed
1043 2831 1138 2885 quid
1157 2831 1214 2871 mi
1232 2831 1418 2885 obtigerit
1437 2833 1529 2874 seio„
