1670 3080
95 102 188 169 198
706 135 949 167 PnonMro.

87 223 174 262 Aut
194 221 355 276 quidem
375 235 466 261 cum
486 234 609 261 uxore
629 220 704 261 hac
725 222 856 275 ipsum
875 221 1094 275 prohibebo
1113 221 1243 262 domo.

89 290 167 329 Ge.
207 290 339 330 Iratus
359 296 428 329 est.
516 289 592 328 Pu.
633 289 736 328 Tute
755 290 890 329 idem?
918 289 1061 329 melius
1079 289 1232 329 feceris.

85 358 165 397 DE.
206 358 321 397 Itane
343 371 383 397 es
402 363 562 410 paratus
580 357 711 396 facere
730 370 795 396 me
815 357 1027 397 advorsum
1048 356 1195 406 omnia,
1504 359 1569 398 80³

85 423 264 463 Infelix?
347 424 424 463 Pu.
465 423 614 462 Metuit
632 423 697 463 hic
716 437 801 472 nos,
822 423 980 462 tametsi
1000 422 1137 462 sedulo

83 492 330 532 Dissimulat.
418 492 495 531 Gn.
526 492 637 530 Bene
656 491 808 530 habent
826 491 897 530 fibi
915 490 1124 544 principia.
1201 489 1279 530 Pu.
1309 489 1430 539 Quin,
1449 490 1558 546 quod

245 565 304 599 est

80 627 113 666 F
115 627 325 676 erundum,
345 627 424 666 fers
440 640 449 665 z
479 625 558 665 tuis
577 625 746 679 dignum
764 626 878 666 factis
897 625 1050 675 feceris,

77 694 134 733 Ut
153 694 273 733 amici
291 694 396 733 inter
415 707 487 732 nos
507 692 641 732 simus.
726 693 805 732 DE.
848 692 977 745 Egon’
997 698 1109 731 tuam
1129 696 1315 746 expetam

76 760 340 800 Amicitiam?
368 765 437 800 aut
455 765 493 799 te
513 759 655 807 visum,
677 764 746 799 aut
764 759 944 798 auditum
963 758 1115 798 velim?
1497 759 1553 798 85

76 828 153 867 Pu.
194 828 236 867 Si
254 826 512 867 concordabis
532 840 624 866 cum
642 825 722 875 illa,
743 825 919 874 habebis,
942 839 1032 878 quae
1052 819 1163 864 tuam

75 895 331 934 Senectutem
351 894 546 934 oblectet:
574 894 726 946 respice
747 898 908 933 aetatem
929 898 1052 932 tuam.

72 962 152 1002 DE.
183 962 240 1002 Te
261 961 455 1002 oblectet:
486 961 559 1001 tibi
576 961 692 1001 habe.
762 961 838 1000 ΡΗ.
879 960 1022 1000 Minue
1042 973 1138 1000 vero
1155 959 1270 1000 iram.
1343 959 1424 1000 Da.
1455 959 1548 1000 Hoc

235 1043 322 1082 age.

71 1094 174 1133 Satis
188 1094 275 1146 jam
297 1094 581 1133 verborum’st:
611 1093 689 1133 nisi
709 1098 753 1133 tu
771 1107 961 1147 properas
979 1092 1190 1133 mulierem

69 1161 294 1210 Abducere,
317 1175 393 1215 ego
411 1161 522 1202 illam
543 1161 725 1214 ejiciam:
757 1161 852 1210 dixi,
876 1160 1077 1200 Phormio.
1491 1164 1543 1202 90
1603 1186 1606 1188 ,

68 1231 146 1271 Pu.
190 1231 231 1270 Si
251 1237 296 1271 tu
315 1231 425 1271 illam
446 1230 623 1283 attigeris
643 1243 767 1278 secus5
791 1242 911 1282 quam
931 1229 1099 1282 dignum
1118 1234 1178 1269 est
1194 1228 1374 1278 liberam,

66 1298 213 1339 Dicam
233 1299 305 1339 tibi
323 1299 546 1352 impingam
565 1298 762 1351 grandem
779 1311 788 1336 :
819 1296 915 1346 dixi,
937 1296 1152 1350 Demipho.

68 1366 110 1405 Si
129 1367 225 1419 quid
244 1380 343 1421 opus
361 1365 491 1415 fuerit,
513 1365 624 1414 heus,
646 1365 765 1404 domo
783 1377 862 1404 me.
949 1364 1028 1404 Gn.
1068 1363 1268 1418 Intelligo.

488 1567 666 1608 ACTUS
697 1566 756 1607 ΙΙ.
815 1565 998 1606 SCENA
1029 1565 1105 1606 IV.

242 1673 458 1711 Dmm’no.
519 1671 653 1710 Gen.
713 1669 871 1709 Ηεσιο.
930 1669 1157 1709 CRA'rmus.
1216 1668 1360 1709 Cur-ro.

63 1776 144 1816 Da.
185 1775 347 1819 Quanta
365 1787 430 1812 me
451 1786 547 1813 cura
566 1777 607 1811 et
625 1771 877 1811 solicitudine
897 1769 1022 1817 afficit

65 1842 234 1890 Gnatus,
256 1841 325 1894 qui
344 1854 409 1880 me
430 1845 469 1879 et
489 1853 530 1879 se
548 1839 657 1878 hisce
677 1837 888 1891 impedivit
907 1836 1086 1890 nuptiis?

63 1909 207 1962 Neque
225 1908 282 1947 mi
301 1908 343 1946 in
364 1911 621 1959 conspectum
640 1905 772 1958 prodit
783 1919 793 1954 ;
824 1910 870 1944 ut
888 1904 1030 1944 saltem
1049 1904 1184 1953 sciam,

63 1976 177 2033 Quid
189 1976 239 2015 de
257 1974 333 2014 hac
353 1987 395 2013 re
416 1973 532 2021 dicat,
555 1971 701 2025 quidve
721 1971 772 2010 sit
790 1971 1012 2011 sententiae.

62 2035 260 2092 Abis'v'i'se
279 2041 492 2082 redieritne
505 2039 592 2092 jam
613 2052 664 2078 an
684 2038 865 2077 nondum
885 2039 1062 2078 domum.
1509 2042 1535 2080 5

65 2111 144 2150 ΘΕ.
185 2109 257 2149 Eo.
341 2108 421 2150 Dr..
461 2106 629 2154 Videtis,
652 2118 730 2158 quo
749 2105 791 2143 in
811 2104 900 2144 loco
918 2118 981 2144 res
999 2104 1087 2144 haec
1107 2105 1207 2144 siet:

63 2178 172 2223 Quid
189 2177 292 2230 ago?
319 2176 396 2224 dic,
419 2174 565 2227 Hegio.
651 2172 734 2233 152.
775 2171 893 2224 Ego?
975 2171 1183 2211 Cratinum
1203 2165 1370 2212 censeo:

65 2244 106 2284 Si
124 2244 197 2283 tibi
214 2244 382 2283 videtur.
467 2241 547 2280 DE.
586 2238 676 2287 Dic,
699 2238 871 2277 Cratine.
956 2238 1057 2278 ΟΜ.
1098 2238 1223 2278 Mene
1241 2239 1329 2279 vis?

64 2310 162 2363 Ego,
185 2322 275 2363 quae
293 2309 336 2348 in
354 2321 441 2347 rem
460 2312 571 2345 tuam
590 2305 680 2354 sint,
703 2318 751 2344 ea
769 2304 891 2344 velim
910 2304 1034 2344 facias
1051 2319 1061 2344 ε
1089 2304 1191 2346 mihi

64 2377 129 2416 Sic
147 2375 224 2416 hoc
244 2374 401 2414 videtur
417 2387 427 2412 ε
458 2371 564 2426 quod
582 2376 620 2410 te
641 2371 804 2411 absente
822 2371 889 2410 hic
908 2371 1013 2411 filius
1482 2376 1535 2415 10

65 2443 170 2496 Egit,
191 2441 346 2482 restitui
364 2441 406 2480 in
426 2439 627 2492 integrum
646 2451 804 2490 aequom
825 2451 909 2477 esse
929 2452 976 2478 ac
993 2431 1169 2479 bonum:

65 2510 118 2548 Et
135 2508 179 2548 id
196 2503 454 2561 impetrabis:
484 2504 579 2544 dixi.
665 2504 745 2543 Dm.
781 2503 858 2543 Dic
878 2517 999 2552 nunc,
1022 2504 1168 2557 Hegio.

65 2576 147 2615 Hs.
189 2575 276 2627 Ego
295 2572 433 2613 sedulo
450 2572 559 2611 hunc
579 2570 725 2611 dixisse
745 2569 863 2610 credo
879 2584 888 2609 ε
919 2584 1059 2610 verum
1076 2570 1135 2610 ita
1153 2575 1224 2619 est,

65 2644 173 2687 Quot
190 2641 386 2689 homines,
407 2644 466 2679 tot
485 2637 693 2678 sententiae
711 2651 719 2676 :
751 2651 845 2677 suus
864 2636 1007 2690 cuique
1025 2650 1124 2677 mos.

66 2708 172 2749 Mihi
190 2722 272 2747 non
291 2707 459 2756 videtur,
480 2705 586 2760 quod
605 2706 655 2744 sit
673 2705 824 2744 factum
842 2704 1009 2758 legibus,
1482 2698 1531 2747 15
1560 2745 1567 2750 ⁴

66 2776 257 2817 Rescindi
276 2788 414 2829 posse:
445 2781 486 2814 et
503 2779 616 2826 turpe
636 2772 799 2826 inceptu
818 2777 889 2812 est.
962 2772 1055 2813 ,Dm
1097 2770 1187 2821 Die,
1209 2770 1331 2812 Crito.

67 2844 157 2883 Clu.
197 2843 285 2896 Ego
304 2840 473 2895 amplius
492 2839 793 2880 deliberandum
813 2851 980 2879 censeo:
