1670 3080
145 78 242 130 1⁹76
772 101 997 134 HECYRA.

142 181 221 220 Sed
238 181 318 221 vin’
339 182 476 222 adesse
495 197 560 223 me
578 198 671 234 una,
693 185 789 225 dum
808 186 925 225 istam
945 186 1162 225 convenis?

142 246 219 286 LA.
260 247 391 288 Immo
410 262 504 289 vero
524 250 613 300 abi;
643 250 817 305 aliquam
835 265 959 304 puero
978 252 1172 291 nutricem
1192 265 1300 304 para.

590 448 766 487 ACTUS
796 449 847 488 V.
907 449 1088 488 SCENA
1119 449 1153 488 I.

650 550 845 589 Baccms.
904 551 1083 589 LAcnsss.

136 648 211 688 ΒΑ.
252 648 346 688 Non
363 648 439 688 hoc
460 650 509 688 de
530 649 717 699 nihilo’st‚
740 651 845 703 quod
867 651 1022 692 Laches
1047 666 1111 691 me
1131 666 1238 693 nunc
1258 661 1496 696 conventam
1515 669 1599 696 esse

299 717 470 768 expetit.
838 717 843 722 “

135 784 177 823 N
179 797 223 824 ec
241 783 308 838 pol
326 798 391 824 me
410 784 580 824 multum
598 784 712 834 fallit,
734 786 842 839 quin,
865 786 970 839 quod
989 786 1177 839 suspicor,
1199 787 1249 826 sit
1268 786 1375 839 quod
1393 787 1500 828 velit.

135 852 211 892 LA.
251 852 483 892 Videndum
504 858 572 901 est,
595 866 645 892 ne
665 853 797 892 minus
821 859 983 906 propter
1002 854 1102 892 iram
1122 853 1215 893 hinc
1234 854 1456 907 impetrem,
1478 867 1598 907 quam

295 919 489 972 possiem:

134 985 220 1023 Aut
238 998 289 1024 ne
310 985 406 1038 quid
422 985 566 1025 faciam
586 985 686 1038 plus,
709 986 814 1039 quod
833 992 922 1039 post
939 1000 1003 1025 me
1023 986 1155 1026 minus
1174 987 1313 1026 fecisse
1333 988 1454 1027 satius
1472 987 1533 1027 sit.

133 1051 368 1104 Aggrediar.
427 1052 606 1100 Bacchis,
629 1052 747 1092 salve.
952 1104 964 1108 ,
1569 1057 1594 1096 5

132 1117 207 1156 ΒΑ.
230 1117 356 1165 Salve,
380 1117 526 1157 Lache.
585 1118 659 1157 LA.
689 1118 841 1171 Edepol
860 1119 988 1167 credo,
1010 1124 1048 1158 te
1067 1132 1149 1158 non
1169 1118 1227 1158 nil
1245 1119 1391 1168 mirari,
1414 1120 1593 1174 Bacchis,

132 1184 239 1228 Quid
259 1185 318 1233 sit,
340 1191 579 1238 quapropter
598 1191 636 1224 te
655 1185 734 1225 huc
754 1186 858 1224 foras
877 1199 1046 1238 puerum
1067 1199 1230 1225 evocare
1245 1186 1359 1239 jussi.

131 1249 206 1288 BA.
246 1250 332 1303 Ego
357 1250 424 1303 pol
453 1264 608 1303 quoque
639 1251 757 1290 etiam
787 1251 926 1290 timida
951 1265 1051 1299 sum,
1080 1265 1172 1290 cum
1200 1252 1310 1291 venit
1337 1253 1379 1292 in
1401 1259 1591 1303 mentem,

318 1331 381 1356 uae
401 1331 498 1356 sun:

130 1382 194 1422 Ne
213 1331 360 1422 nonilen
381 1384 523 1436 quaesti
541 1384 597 1423 mi
616 1383 763 1423 obsiet:
794 1397 889 1423 nam
908 1397 1038 1423 mores
1057 1383 1173 1422 facile
1193 1388 1311 1423 tutor.

130 1449 204 1488 LA.
245 1450 286 1489 Si
305 1464 398 1490 vera
418 1451 526 1499 dicis,
548 1451 605 1490 nil
624 1451 695 1489 tibi
715 1457 773 1490 est
791 1465 815 1490 a
833 1465 897 1490 me
916 1451 1065 1503 pericli,
1086 1450 1229 1490 mulier
1245 1466 1254 1490 :
1542 1455 1592 1492 10

128 1514 235 1554 Nam
249 1515 335 1568 jam
356 1521 471 1554 aetate
491 1529 539 1554 ea
557 1529 657 1564 sum,
678 1521 723 1555 ut
741 1529 822 1554 non
842 1515 915 1555 siet
934 1521 1096 1568 peccato
1115 1516 1172 1555 mi
1191 1516 1343 1569 ignosci
1362 1531 1519 1571 aequom
1535 1532 1543 1557 :

129 1582 218 1626 Quo
238 1582 365 1634 magis
383 1596 445 1621 res
465 1596 604 1621 omnes
624 1583 788 1630 cautius,
810 1596 860 1621 ne
881 1588 1028 1621 temere
1048 1582 1204 1630 faciam,
1227 1597 1381 1622 accuro.

126 1648 246 1697 Nam,
269 1649 301 1687 si
320 1649 361 1688 id
380 1663 488 1688 nunc
506 1649 604 1688 facis
623 1649 825 1689 facturave
845 1663 897 1698 es,
918 1649 1042 1688 bonas
1062 1649 1167 1701 quod
1185 1663 1258 1702 par
1277 1655 1336 1689 est
1353 1650 1507 1699 facere3

127 1713 333 1763 Inscitum,
355 1714 493 1754 offerre
512 1715 698 1767 injuriam
717 1715 800 1763 tibi,
821 1715 1048 1754 immerenti
1067 1715 1246 1767 iniquom
1266 1721 1337 1755 est.

125 1780 200 1818 ΒΛ.
241 1780 311 1819 Est
329 1793 477 1832 magna
495 1786 646 1819 ecastor
664 1780 803 1832 gratia,
826 1780 874 1819 de
893 1780 991 1819 istac
1010 1794 1054 1819 re
1074 1794 1193 1832 quam
1213 1781 1285 1820 tibi
1302 1781 1472 1822 habeam
1488 1797 1498 1832 ;
1539 1785 1587 1823 15

126 1845 233 1885 Nam
253 1846 318 1899 qui
339 1852 426 1899 post
444 1847 590 1886 factam
609 1846 796 1898 injuriam
815 1852 970 1899 purget,
990 1861 1133 1900 parum
1151 1847 1251 1887 mihi
1268 1849 1403 1902 prosit.

126 1912 204 1952 Sed
223 1913 317 1965 quid
331 1913 430 1952 istuc
451 1914 539 1952 est?
594 1913 669 1952 LA.
692 1913 833 1952 Meum
852 1919 1030 1966 receptas
1044 1914 1170 1953 filium
1190 1915 1241 1954 ad
1259 1921 1298 1955 te
1319 1915 1587 1970 Pamphilum.

289 1978 361 2016 BA.
401 1977 469 2016 Ah
485 1978 495 2016 !

126 2041 200 2082 LA.
223 2042 315 2082 Sine
335 2043 464 2082 dicam
480 2057 489 2091 ;
510 2056 676 2082 uxorem
694 2042 799 2083 hanc
817 2043 926 2096 prius
941 2058 1061 2097 quam
1077 2044 1200 2093 duxit,
1217 2050 1393 2086 vostrum
1408 2060 1585 2087 amorem

285 2109 441 2162 pertuli.

125 2175 249 2215 Mane
265 2189 274 2214 :
303 2175 482 2215 nondum
501 2175 621 2214 etiam
640 2175 723 2215 dixi
741 2175 793 2224 id,
816 2176 921 2228 quod
939 2176 1046 2215 volui
1062 2191 1071 2215 :
1100 2177 1166 2216 hic
1185 2191 1291 2217 nunc
1310 2178 1432 2218 habet

124 2241 324 2281 Uxorem:
355 2255 486 2294 quaere
506 2241 627 2281 alium
647 2242 729 2290 tibi,
751 2242 846 2280 dum
866 2247 1023 2295 tempus
1042 2243 1272 2283 consulendi
1291 2250 1350 2284 est
1366 2259 1375 2284 ε
1531 2248 1585 2288 20

124 2308 232 2348 Nam
251 2322 379 2362 neque
399 2308 465 2348 ille
489 2308 563 2349 hoc
585 2314 744 2349 aetatem
770 2308 904 2348 animo
927 2309 1010 2358 erit,
1037 2323 1167 2362 neque
1189 2310 1257 2364 pol
1282 2316 1326 2351 tu
1345 2313 1484 2353 eadem
1508 2313 1584 2355 ista

285 2379 414 2414 aetate.

124 2441 198 2480 BA.
237 2440 335 2485 Quis
354 2440 396 2479 id
414 2440 499 2479 ait?
572 2440 646 2479 LA.
687 2441 841 2480 Socrus.
916 2442 991 2481 ΒΑ.
1023 2442 1175 2483 Mene?
1250 2443 1324 2484 LA.
1354 2445 1412 2486 Te
1430 2446 1583 2500 ipsam:
1656 2423 1670 2481 ἐ

285 2512 325 2546 et
343 2506 466 2546 filiam
485 2507 650 2547 abduxit
670 2521 781 2546 suam
798 2522 807 2546 :

123 2572 373 2625 Puerumque
393 2573 443 2611 ob
462 2586 551 2611 eam
570 2586 655 2612 rem
675 2572 778 2612 clam
796 2573 930 2622 voluit,
952 2580 1068 2614 natus
1087 2577 1155 2629 qui
1173 2582 1242 2626 est,
1264 2578 1506 2630 extinguere.

122 2705 314 2754 Sanctius,
336 2719 454 2758 quam
469 2705 748 2758 jusjurandum
764 2721 773 2755 ;
804 2707 845 2746 id
863 2707 1069 2759 pollicerer
1087 2710 1169 2758 tibi,
1193 2710 1338 2759 Lache,

122 2773 378 2825 Segregatum
397 2771 592 2820 habuisse,
613 2786 778 2812 uxorem
797 2779 843 2812 ut
861 2774 984 2823 duxit,
1007 2789 1031 2814 a
1048 2790 1112 2815 me
1134 2777 1399 2830 Pamphilum.

122 2640 196 2678 BA.
235 2639 332 2678 Alid
350 2639 382 2677 si
401 2640 553 2687 scirem,
575 2639 642 2692 qui
661 2639 818 2679 firmare
837 2655 968 2680 meam
989 2644 1095 2695 apud
1114 2658 1183 2683 vos
1202 2659 1357 2698 possem
1376 2645 1508 2694 fidem,
1647 2633 1670 2902 ¹

1523 2713 1575 2751 25
1648 2718 1651 2719 ’

1645 2906 1670 3080 43
