1670 3080
148 121 173 168 l
182 119 245 167 62
777 137 1003 170 HECYRA.

581 291 759 332 ACTUS
790 293 873 333 ΙΙΙ.
932 293 1114 333 SCENA
1144 293 1178 332 Ι.

460 395 720 435 ΡΑΜΡΗῐιυε.
780 396 1001 436 pinu-sno.
1059 396 1313 438 MYRRHINA.

147 499 253 539 Pm.
303 499 470 539 Nemini
501 499 617 553 plura
649 514 723 553 ego
756 484 899 540 acerba
931 499 1049 540 credo
1082 513 1167 539 esse
1199 513 1251 539 ex
1287 513 1422 539 amore
1457 499 1613 540 homini

306 580 485 620 unquam
505 567 648 615 oblata,

145 633 278 677 Quam
296 633 353 673 mi
370 648 378 672 :
408 633 489 673 heu
506 647 571 672 me
591 633 812 673 infelicem!
842 632 1038 672 hanccine
1058 646 1132 685 ego
1151 632 1275 672 vitam
1290 629 1400 686 'parsi
1417 632 1613 687 perdere?

146 699 326 739 Haecine
345 713 464 739 causa
478 713 588 739 eram
607 714 681 753 ego
701 705 905 753 tantopere
918 699 1085 752 cupidus
1097 698 1291 739 redeundi
1304 698 1495 740 domum?
1514 699 1588 740 ab!

144 768 305 812 Quanto
323 768 454 807 fuerat
472 767 746 820 praestabilius,
767 767 896 807 ubivis
914 767 1096 820 gentium
1116 780 1234 819 agere
1254 772 1427 816 aetatem,

144 834 275 878 Quam
294 833 373 874 huc
392 835 551 874 redire?
579 840 698 887 atque
717 835 805 874 haec
825 834 881 874 ita
900 848 983 874 esse
1003 835 1193 873 miserum
1212 848 1277 873 me
1297 834 1537 874 resciscere?
1585 837 1610 875 5

137 894 251 940 'Nam
270 915 343 941 nos
362 915 512 950 omnes,
535 902 676 955 quibus
696 908 755 941 est
773 902 956 941 alicunde
977 901 1119 955 aliquis
1138 901 1316 955 objectus
1333 901 1456 950 labos,

143 969 275 1008 Omne
296 970 402 1022 quod
422 975 482 1008 est
499 970 651 1009 interea
670 975 825 1023 tempus
844 969 1076 1022 priusquam
1095 969 1136 1008 id
1154 968 1404 1018 rescitum’st,
1425 968 1596 1010 lucro'st.

142 1034 244 1074 PAR.
283 1036 341 1075 At
359 1036 414 1075 sic
433 1036 558 1085 citius,
581 1037 648 1089 qui
668 1042 706 1076 te
727 1036 915 1089 expedias
933 1036 995 1075 his
1013 1036 1214 1084 aerumnis,
1234 1036 1420 1090 reperias.

140 1101 182 1140 Si
202 1115 283 1141 non
302 1102 497 1150 rediisses,
517 1102 606 1142 haec
624 1103 694 1142 irae
714 1104 831 1142 factae
853 1107 983 1142 essent
1001 1102 1128 1142 multo
1147 1101 1359 1155 ampliores
1376 1116 1385 1142 τ

140 1167 220 1208 Sed
237 1181 346 1208 nunc-
366 1169 583 1209 adventum
602 1178 717 1208 tuum
736 1170 885 1218 ambas,
909 1168 1129 1222 Pamphile,
1151 1169 1234 1208 scio
1251 1168 1500 1209 reverituras.
1561 1171 1611 1208 10

139 1234 243 1275 Rem
263 1250 478 1289 cognosces
495 1251 504 1275 :
534 1237 636 1276 iram
656 1237 865 1289 expedies:
896 1250 1053 1276 rursum
1072 1237 1115 1276 in
1134 1236 1306 1289 gratiam
1325 1236 1518 1276 restitues.

138 1302 265 1342 Levia
283 1308 386 1352 sunt,
411 1317 501 1356 quae
521 1309 565 1343 tu
584 1304 794 1357 pergravia
813 1317 897 1342 esse
916 1303 959 1342 in
978 1303 1159 1342 animum
1178 1303 1338 1344 induxti
1355 1308 1483 1343 tuum.

139 1370 245 1409 PAM.
286 1371 394 1415 Quid
413 1370 615 1410 consolare
635 1372 727 1410 me?
756 1385 807 1410 an
828 1371 1038 1424 quisquam
1055 1384 1227 1424 usquam
1244 1370 1478 1424 gentium’st
1495 1383 1610 1424 aeque

299 1438 420 1477 miser
433 1439 449 1477 ’ἰ

137 1503 252 1543 Prius
283 1517 404 1556 quam
435 1503 541 1543 hanc
573 1517 742 1543 uxorem
774 1503 883 1552 duxi,
913 1503 1111 1543 habebam
1145 1502 1239 1543 alibi
1271 1502 1451 1543 animum
1483 1503 1609 1543 amori

299 1569 504 1609 deditum:

136 1634 161 1674 J
165 1649 230 1675 am
259 1635 300 1674 in
330 1634 407 1675 hac
434 1649 489 1684 re,
519 1641 564 1675 ut
590 1640 756 1685 taceam,
790 1636 915 1675 cuivis
941 1636 1057 1676 facile
1084 1642 1144 1677 est
1171 1636 1284 1685 scitu,
1313 1649 1435 1690 quam
1462 1635 1608 1676 fuerim

296 1702 440 1742 miser:
1555 1705 1605 1743 15

134 1768 289 1808 Tamen
319 1782 528 1822 nunquam
562 1783 681 1809 ausus
711 1783 798 1809 sum
832 1783 1017 1809 recusare
1051 1783 1154 1819 eam,
1190 1782 1312 1823 quam
1344 1769 1402 1810 mi
1434 1769 1608 1810 obtrudit

295 1841 421 1888 pater.
1349 1883 1352 1886 ῃ

135 1902 217 1942 Vix
243 1916 309 1942 me
338 1902 432 1942 hinc
461 1902 646 1951 abstraxi,
668 1907 786 1955 atque
815 1903 1051 1956 impeditum
1080 1902 1122 1943 in
1149 1916 1197 1942 eo
1219 1902 1404 1956 expedivi
1426 1902 1606 1943 animum

296 1983 459 2019 meum5

134 2036 294 2090 Vixque
312 2035 392 2076 huc
412 2035 658 2075 contuleram
675 2049 684 2074 :
704 2034 799 2074 hem
816 2035 825 2073 Ξ
846 2047 951 2074 nova
968 2047 1031 2074 res
1050 2034 1197 2083 orta’st‚
1217 2048 1335 2088 porro
1354 2035 1404 2075 ab
1423 2034 1498 2074 hac
1515 2047 1606 2088 quae

294 2116 360 2142 me
381 2101 592 2141 abstrahat.

132 2170 238 2211 Tuxn
257 2175 327 2209 aut
343 2175 513 2209 matrem
533 2182 585 2208 ex
613 2182 660 2208 ea
687 2181 730 2208 re
749 2182 814 2207 me
845 2173 914 2207 aut
937 2180 1104 2207 uxorem
1132 2167 1175 2206 in
1202 2167 1320 2221 culpa
1347 2168 1605 2210 inventurum

296 2235 464 2275 arbitror
480 2248 489 2273 :

134 2302 253 2349 Quod
289 2316 382 2342 cum
417 2302 475 2341 ita
511 2315 595 2341 esse
632 2301 836 2350 invenero,
872 2300 968 2354 quid
1003 2305 1135 2350 restat,
1171 2300 1248 2340 nisi
1283 2314 1401 2354 porro
1432 2307 1478 2342 ut
1507 2301 1604 2342 fiam

295 2370 442 2409 miser?
1550 2371 1604 2408 20

134 2438 242 2479 Nam
261 2437 398 2477 matris
416 2437 518 2475 ferre
537 2435 702 2488 injurias
720 2449 797 2484 me,
820 2435 1028 2484 Parmeno,
1049 2435 1176 2488 pietas
1188 2434 1330 2488 jubet:

134 2506 238 2545 Tum
256 2504 373 2543 uxori
392 2503 587 2543 obnoxius
606 2516 706 2551 sum,
728 2502 784 2541 ita
803 2502 899 2541 olim
919 2516 990 2542 suo
1008 2516 1074 2542 me
1093 2502 1258 2555 ingenio
1276 2502 1439 2556 pertulit
1455 2518 1464 2543 :

133 2571 212 2611 Tot
229 2583 339 2610 meas
358 2569 534 2622 injurias,
557 2582 647 2622 quae
666 2582 873 2621 nunquam
893 2568 1003 2608 nullo
1021 2569 1211 2622 patefecit
1227 2568 1327 2609 loco.

135 2638 214 2678 Sed
231 2651 424 2690 magnum
443 2636 579 2675 nescio
599 2635 694 2688 quid
712 2649 873 2675 necesse
894 2641 953 2675 est
972 2635 1162 2685 evenisse,
1185 2635 1393 2685 Parmeno,

137 2705 252 2744 Unde
271 2704 330 2742 ira
349 2703 453 2742 inter
472 2716 537 2741 eas
556 2701 787 2749 intercessit,
811 2715 899 2754 quae
919 2707 1001 2741 tam
1020 2701 1240 2755 permansit
1258 2701 1338 2742 diu.
1548 2702 1600 2743 25

135 2771 236 2811 PAR.
277 2770 402 2809 Haud
429 2769 589 2822 quidem
601 2783 611 2818 ;
642 2767 775 2807 hercle
803 2782 980 2821 parvom,
1008 2768 1042 2808 si
1060 2768 1120 2809 vis
1138 2782 1232 2809 vero
1249 2781 1387 2809 veram
1405 2767 1601 2810 rationem

297 2837 450 2890 exequi.

1639 2695 1660 2767 ,aba
1647 2656 1664 2663 ‚¹

1623 2759 1661 3080 mmmwiffl„
