1670 3080
150 88 247 134 200
756 108 997 140 PHORMIO.

151 188 257 227 Nam
277 189 325 228 de
346 189 429 241 ejus
448 203 540 239 una,
561 196 606 230 ut
624 192 754 241 audio,
774 200 843 232 aut
861 195 993 233 vivam
1014 200 1082 233 aut
1100 195 1245 234 moriar
1263 195 1470 234 sententia.

153 254 228 293 GE.
269 255 452 295 Phaedria
472 257 542 296 tibi
561 258 683 297 adest.
741 261 821 299 AN.
866 261 1120 299 Ubinam'st?
1191 261 1267 300 GE.
1299 261 1449 301 Eccum
1467 260 1518 301 ab
1535 274 1607 302 sua
1668 272 1670 295 ἰ

309 321 492 373 palaestra
511 323 593 362 exit
610 324 726 364 foras.

568 524 744 564 ACTUS
776 526 856 565 III.
916 526 1096 565 SCENA
1127 527 1184 565 ΙΙ.

439 631 654 671 PnAEnmA.
713 632 863 671 Domo.
922 634 1131 672 ANmuo·
1192 633 1324 672 Gau.

151 722 226 760 ΡΗ.
266 721 400 771 Dorio,
423 723 527 772 audi,

151 788 337 827 Obsecro.
433 790 509 829 Do.
563 790 657 830 Non
691 791 820 830 audio.
920 792 996 831 ΡΗ.
1046 792 1274 845 Parumper.
1373 792 1452 832 Do.
1501 791 1606 838 Quin
1668 771 1670 773 Ι

312 855 447 895 omitte
466 870 542 895 me.

151 921 227 960 ΡΗ.
271 921 391 969 Audi,
413 922 508 974 quid
527 922 668 962 dicam.
750 924 829 963 Do.
874 925 930 963 At
951 924 1057 963 enim
1077 925 1197 964 taedet
1210 924 1296 977 jam
1315 924 1450 964 audire
1471 924 1611 965 eadem

310 988 450 1028 milies.

151 1054 227 1094 ΡΗ.
255 1055 312 1094 At
331 1068 438 1094 nunc
458 1055 600 1104 dicam,
622 1056 728 1109 quod
745 1056 927 1096 lubenter
947 1057 1096 1096 audias.
1155 1058 1233 1096 Do.
1264 1058 1457 1110 Loquere,
1479 1058 1610 1098 audio.

151 1121 228 1161 ΡΗ.
277 1121 444 1175 Nequeo
481 1128 519 1161 te
554 1136 728 1172 exorare,
768 1129 813 1163 ut
844 1138 1007 1163 maneas
1037 1124 1215 1163 triduum
1245 1123 1351 1163 hoc?
1391 1138 1468 1177 quo
1503 1138 1612 1164 nunc

312 1188 396 1227 abis
410 1189 426 1227 ’ἰ
1584 1192 1610 1229 5

150 1255 230 1294 Do.
271 1255 460 1304 Mirabar,
482 1256 514 1295 si
534 1261 577 1294 tu
595 1255 694 1294 mihi
715 1256 926 1308 quicquam
946 1255 1104 1294 afferres
1123 1256 1230 1295 novi.
1314 1256 1396 1295 An.
1434 1255 1536 1295 Hei!

151 1321 291 1360 Metuo
309 1321 507 1368 lenonem,
528 1334 579 1359 ne
599 1320 750 1373 quid—
806 1321 883 1359 Gn.
927 1321 1006 1359 Suo
1025 1320 1144 1372 capiti
1162 1320 1260 1359 fuat.

151 1386 227 1426 ΡΗ.
269 1387 363 1426 Non
385 1386 485 1425 mihi
511 1386 667 1425 credis?
749 1386 828 1425 Do.
875 1384 1096 1424 Hariolare.
1183 1385 1258 1424 ΡΗ.
1299 1384 1368 1424 Sin
1400 1384 1521 1424 fidem
1546 1385 1610 1424 do.
1667 1446 1670 1448 -

313 1454 391 1492 Do.
435 1452 609 1492 Fabulae.

150 1519 227 1558 ΡΗ.
267 1518 525 1558 Foeneratum
544 1518 644 1557 istuc
663 1517 902 1557 beneficium
921 1516 1084 1570 pulchre
1105 1517 1175 1556 tibi
1194 1517 1312 1556 dices.
1387 1516 1466 1556 Do.
1498 1517 1610 1569 Logi.
1667 1555 1670 1563 ς

151 1584 227 1624 ΡΗ.
282 1585 406 1624 Crede
444 1584 555 1633 mihi,
602 1583 792 1637 gaudebis
828 1583 958 1622 facto:
1015 1596 1155 1622 verum
1200 1581 1332 1622 hercle
1377 1582 1453 1622 hoc
1499 1589 1612 1622 est—
1663 1602 1666 1604 v

312 1651 391 1690 Do.
437 1650 610 1690 Somnia.
1561 1651 1611 1688 10
1667 1639 1670 1682 J

151 1720 227 1759 ΡΗ.
273 1719 491 1772 Experire:
535 1732 617 1758 non
651 1722 710 1757 est
740 1716 919 1769 longum.
1019 1715 1097 1755 Do.
1157 1714 1408 1755 Cantilenam
1443 1716 1610 1756 eandem

314 1784 434 1823 canis.

151 1852 228 1890 ΡΗ.
258 1851 322 1890 Τυ.
341 1856 542 1903 cognatus,
564 1855 608 1889 tu
626 1863 782 1903 parens,
803 1855 846 1888 tu
866 1848 1027 1895 amicus,
1050 1853 1148 1887 tu—
1202 1847 1283 1887 Do.
1315 1847 1432 1887 Garri
1451 1848 1582 1888 modo.

151 1918 228 1958 ΡΗ.
259 1918 415 1957 Adeon'
435 1917 595 1969 ingenio
615 1930 698 1955 esse
718 1916 816 1955 duro
837 1921 874 1955 te
894 1921 1011 1967 atque
1032 1914 1278 1963 inexorabili,

150 1985 207 2024 Ut
225 1998 354 2037 neque
374 1983 651 2031 misericordia,
672 1996 802 2035 neque
821 1982 1002 2034 precibus
1021 1981 1164 2021 molliri
1185 1982 1336 2034 queas?

151 2052 230 2091 Do.
269 2050 426 2091 Adeon‘
459 2055 498 2089 te
532 2063 615 2089 esse
654 2049 939 2101 incogitantem
986 2052 1103 2100 atque
1147 2048 1452 2100 imprudentem,
1494 2048 1610 2089 Phae-

311 2117 408 2166 dria,
1559 2116 1606 2154 15

151 2186 208 2225 Ut
224 2183 436 2240 phaleratis
455 2182 568 2222 dictis
588 2182 709 2221 ducas
727 2194 814 2228 me3
846 2185 886 2218 et
904 2193 1036 2219 meam
1055 2179 1193 2219 ductes
1211 2174 1376 2231 gratiis?

1658 2093 1670 2154 ἶὲ

1659 2188 1670 2237 ²}

151 2253 232 2292 AN.
263 2250 549 2291 Miseritum’st.
608 2248 683 2287 ΡΗ.
716 2246 821 2286 Hei!
851 2246 954 2286 veris
973 2245 1123 2284 vincor.
1183 2245 1260 2284 Gn.
1291 2245 1423 2289 Quam
1442 2250 1607 2303 uterque

312 2323 371 2357 est
389 2315 526 2356 similis
545 2314 630 2354 sui!

151 2386 228 2425 ΡΗ.
267 2385 409 2437 Neque
429 2382 606 2435 Antipho
626 2380 703 2419 alia
721 2393 812 2419 cum
833 2383 1044 2431 occupatus
1064 2382 1165 2417 esset
1184 2377 1444 2426 solicitudine,

150 2452 185 2491 T
187 2465 255 2491 um
273 2451 349 2490 hoc
369 2463 452 2489 esse
471 2449 529 2488 mi
548 2447 745 2500 objectum
764 2446 915 2485 malum
931 2445 940 2484 Ξ
999 2445 1081 2484 ΑΗ.
1120 2443 1208 2484 Ah!
1239 2444 1334 2499 quid
1353 2444 1454 2484 istuc
1473 2448 1607 2485 autem

312 2521 381 2564 est,
404 2513 613 2555 Phaedria?

153 2585 229 2623 Pu.
269 2584 305 2623 ο
324 2581 630 2623 fortunatissime
651 2579 842 2632 Antipho.
917 2578 999 2618 AN.
1039 2577 1206 2630 Egone?
1278 2577 1354 2619 Pa.
1394 2576 1478 2626 oui,
1500 2577 1606 2630 quod

313 2664 434 2698 amas,
455 2648 623 2688 domi’st.
1552 2646 1606 2683 20
1657 2645 1670 2686 ἓ

154 2718 239 2757 Nec
259 2731 350 2757 cum
368 2714 594 2768 hujusmodi
612 2727 789 2767 unquam
807 2726 900 2753 usus
920 2711 1029 2752 venit
1046 2715 1091 2750 ut
1109 2709 1353 2750 conflictares
1372 2709 1490 2750 malo.

153 2786 233 2825 ΑΝ.
273 2784 375 2824 Min’
396 2782 581 2823 domi'st?
608 2782 743 2830 immo,
764 2780 806 2820 id
826 2779 931 2833 quod
949 2779 1070 2827 aiunt,
1091 2776 1249 2817 auribus
1268 2781 1385 2817 teneo
1402 2775 1568 2830 lupum:

1656 2712 1670 2754 ἐξ

1658 2756 1670 2781 Ἶ
