1670 3080
536 118 696 151 Acrus
742 120 788 152 v.
859 118 1026 152 scENA
1062 121 1118 154 11.
1495 110 1557 158 67

80 203 152 244 Pr.
192 205 301 251 Quid
319 205 521 248 facerem?
548 207 615 258 ita,
636 215 682 250 ut
699 215 744 250 tu
758 209 869 264 justi,
891 209 965 249 soli
985 210 1197 250 credita'st.
1508 217 1556 254 15

77 270 155 311 ΤΗ.
196 271 370 312 Scelesta
390 287 506 314 ovem
525 274 620 329 lupo
639 276 822 317 commisi
839 290 848 315 :
879 275 1073 329 dispudet,

77 336 141 377 Sic
161 337 261 378 mihi
281 338 374 379 data
393 344 478 379 e'sse
498 342 619 381 verba
635 356 644 381 ε
675 343 772 396 quid
790 342 885 382 illuc
904 341 1079 382 hominis
1099 342 1189 382 est?

75 403 148 444 Pr.
189 405 303 446 Hera
321 420 413 446 mea
432 412 532 457 tace,
554 413 642 449 tace
663 410 839 459 obsecro,
861 409 983 449 salvae
1003 424 1141 450 sumus
1160 424 1169 449 ε

74 470 284 512 Habemus
309 473 515 514 hominem
543 475 688 529 ipsum.
775 477 854 517 ΤΗ.
894 477 975 517 Ubi
1004 477 1038 517 is
1064 478 1153 517 est?
1239 478 1312 518 Pr.
1354 479 1475 530 Hem,
1506 482 1557 521 ad

236 538 471 580 sinisteram.

73 604 221 646 Viden'
240 606 256 647 2
358 607 436 647 ΤΗ.
487 609 629 649 Video.
733 609 807 650 ΡΥ.
858 610 1153 665 Comprehendi
1196 611 1307 665 jube,
1358 618 1554 668 quantum

234 680 376 728 potest.
1502 682 1554 719 20

69 739 149 781 ΤΗ.
189 742 294 787 Quid
316 743 384 783 illo
403 744 606 794 faciemus,
629 744 777 785 stulta?
860 746 933 785 ΡΥ.
975 746 1084 791 Quid
1102 746 1237 796 facias,
1258 747 1407 800 rogas?

71 807 175 848 Vide
194 810 349 858 amabo,
371 811 404 850 si
422 824 516 859 non,
539 825 632 851 cum
651 811 833 865 aspicias,
855 825 898 852 os
917 812 1132 865 impudens

70 875 270 917 Videtur.v
338 878 416 918 Tu.
457 879 564 919 Non.
652 879 724 919 ΡΥ.
765 879 870 919 Tum
890 893 981 932 quae
1001 879 1086 933 ejus
1106 879 1430 921 confidentia’st?

505 1091 684 1132 ACTUS
715 1092 766 1132 V.
827 1091 1011 1133 SCENA
1042 1092 1100 1133 ΙΙ.

449 1194 648 1235 CHAEREA.
724 1196 882 1236 Tuus.
970 1197 1172 1238 Pr‘rnms.

65 1298 141 1339 Cu.
183 1298 306 1353 Apud
325 1299 602 1353 Antiphonem
621 1305 800 1352 uterque,
825 1305 951 1340 mater
970 1306 1010 1340 et
1027 1306 1152 1355 pater,

65 1366 189 1412 Quasi
209 1366 343 1406 dedita
362 1381 493 1421 opera,
515 1366 625 1406 domi
645 1372 770 1416 erant,
792 1373 838 1406 ut
856 1367 967 1407 nullo
986 1368 1107 1408 modo

65 1433 236 1473 Introire
254 1447 424 1488 possem,
447 1433 544 1486 quin
564 1434 747 1474 viderent
765 1448 831 1473 me
849 1449 858 1474 ε
887 1435 1050 1475 interim

62 1500 175 1540 Dum
195 1507 288 1540 ante
308 1501 452 1540 ostium
472 1505 544 1548 sto,
566 1505 684 1540 notus
703 1499 804 1540 mihi
823 1501 985 1554 quidam
1006 1503 1166 1543 obviam

63 1566 212 1607 Venit:
241 1567 311 1606 ubi
330 1566 424 1615 vidi,
447 1579 522 1619 ego
540 1579 606 1605 me
626 1566 668 1605 in
687 1567 820 1619 pedes,
843 1574 1038 1621 quantum
1060 1582 1175 1622 queo,
1521 1574 1545 1612 5

62 1635 114 1674 In
134 1635 389 1689 angiportum
410 1634 611 1688 quoddam
632 1634 859 1684 desertum;
890 1635 984 1676 inde
1003 1636 1101 1677 item

61 1703 112 1743 In
133 1702 253 1752 aliud,
274 1702 369 1742 inde
389 1702 432 1742 in
452 1701 562 1742 aliud
579 1716 587 1741 :
618 1702 675 1741 ita
693 1702 939 1743 miserrimus

61 1771 137 1812 Fui
156 1771 378 1825 fugitando,
400 1785 451 1811 ne
471 1771 559 1825 quis
577 1785 644 1811 me
664 1777 932 1824 cognosceret.

61 1838 141 1878 Sed
160 1844 272 1878 estne
291 1837 379 1877 haec
400 1837 533 1886 Thais,
557 1851 677 1890 quam
697 1838 844 1878 video?
871 1839 1033 1893 ipsa’st:
1063 1839 1210 1882 haereo.

60 1905 169 1950 Quid
186 1905 332 1945 faciam
346 1904 526 1949 2—Quid
544 1917 635 1944 mea
653 1905 816 1944 autem?
844 1905 941 1959 quid
959 1906 1079 1946 faciet
1098 1907 1227 1947 mihi?
1497 1913 1544 1951 10

60 1971 139 2011 Tu.
180 1971 414 2011 Adeamus:
444 1970 548 2010 bone
568 1970 641 2017 vir,
665 1969 785 2018 Dore,
808 1971 940 2011 salve:
971 1973 1035 2013 dic
1055 1973 1167 2023 mihi.

60 2038 341 2091 Aufugistin’?
425 2037 500 2076 Cn.
542 2037 665 2086 Hera,
687 2037 852 2078 factum,
938 2039 1016 2079 ΤΗ.
1058 2040 1183 2082 Satin'
1202 2041 1245 2081 id
1264 2041 1337 2081 tibi
1356 2041 1518 2096 placet?

60 2107 134 2147 Cu.
177 2107 283 2146 Non.
367 2105 446 2145 ΤΗ.
486 2104 659 2154 Credin',
695 2110 734 2145 te
756 2105 922 2159 impune
949 2106 1211 2148 habiturum?
1295 2109 1371 2149 Cn.
1409 2110 1542 2150 Unam

220 2175 326 2215 hanc
345 2173 509 2214 noxiam

58 2243 212 2283 Amitte
229 2257 237 2282 ε
268 2242 301 2282 si
320 2242 440 2281 aliam
460 2239 658 2280 admisero
677 2253 869 2293 unquam,
891 2241 1074 2281 occidito.

56 2311 135 2351 ΤΗ.
176 2311 286 2351 Num
315 2323 448 2349 meam
475 2308 672 2348 saevitiam
692 2307 902 2348 veritus’s?
986 2309 1062 2349 Ca.
1103 2310 1211 2350 Non.
1298 2310 1377 2350 ΤΗ.
1418 2309 1540 2350 Non?

220 2379 317 2432 quid
335 2377 487 2430 igitur?
1485 2380 1533 2417 15

57 2446 133 2487 Cn.
175 2446 294 2485 Hanc
313 2444 450 2491 metui,
471 2457 522 2483 ne
541 2457 607 2482 me
629 2442 907 2484 criminaretur
926 2442 1010 2483 fibi.

55 2514 135 2554 ΤΗ,
175 2513 283 2558 Quid
314 2511 495 2552 feceras?
580 2511 655 2550 Cn.
698 2509 885 2550 Paulum'
900 2510 1008 2563 quid.
1094 2510 1169 2550 ΡΥ.
1209 2510 1298 2551 Eho
1315 2511 1325 2551 !
1370 2512 1537 2566 paulum

217 2580 431 2634 impudens
443 2579 460 2619 ’.Ρ

54 2648 124 2690 An
142 2647 308 2702 paulurn
328 2647 404 2686 hoc
424 2659 509 2686 esse
530 2645 602 2685 tibi
621 2644 790 2693 videtur,
812 2643 1011 2697 virginem

0 2716 2 2718 ’
55 2713 208 2755 Vitiare
228 2713 388 2753 civem?
471 2712 546 2752 cn.
588 2711 727 2751 Meam
747 2725 982 2752 conservam
1003 2711 1165 2752 credidi.

0 2770 11 2833 {2
54 2781 128 2823 ΡΥ.
170 2779 442 2821 Conservam?
469 2779 540 2818 vix
556 2792 622 2818 me
642 2777 841 2827 contineo,
864 2778 960 2831 quin
980 2778 1156 2818 involem
1177 2778 1218 2818 in
1482 2782 1535 2819 20

55 2848 279 2903 Capillmn:
309 2846 557 2888 monstrum!
589 2846 710 2886 etiam
729 2845 835 2886 ultro
855 2846 1029 2886 derisum
1050 2845 1226 2886 advenit.
