1670 3080
466 132 625 164 ac'rns
662 130 716 163 11.
787 130 954 164 SOENA
989 130 1024 162 1.
1408 114 1502 164 193

34 221 235 276 Quicquid
251 224 398 275 praeter
416 233 528 273 spem
549 219 716 268 eveniet,
738 233 857 259 omne
876 219 919 258 id
938 218 1139 272 deputabo
1159 231 1244 258 esse
1262 218 1306 258 in
1323 217 1449 259 lucro.

35 289 114 330 Sed
132 289 227 343 quid
245 302 375 328 cessas
392 287 598 327 hominem
618 287 738 336 adire,
761 292 802 326 et
819 286 965 326 blande
985 286 1027 325 in
1047 285 1243 339 principio
1262 285 1454 349 alloqui}
1474 332 1480 348 Ι
1514 327 1518 330 ,
1588 314 1595 323 .
1636 303 1643 312 ,

1464 350 1473 358 ι
1512 322 1634 364 'cust
1657 335 1667 353 ‘-

34 356 114 396 ΒΕ.
154 355 391 404 Phaedriam,
413 353 494 394 mei
512 354 644 394 fratris
663 354 780 394 video
799 353 926 393 filium
947 353 1004 392 mi
1022 352 1080 392 ire
1101 353 1272 393 obviam.
1309 350 1365 382 ’Ψ
1391 352 1402 367 “
1415 349 1457 367 ““’
1489 354 1509 405 Ι(

34 422 110 463 Pu.
151 421 213 461 Mi
232 426 383 475 patrue,
405 421 524 460 salve.
612 421 690 460 Da.
731 419 847 469 Salve
864 434 872 460 :
903 420 974 460 sed
989 420 1059 459 ubi
1078 425 1139 459 est
1158 418 1370 473 Antipho?

34 489 109 528 Pu.
152 487 311 528 Salvom
330 488 575 528 advenire—
630 487 708 526 Dr..
745 487 872 526 Credo
890 501 898 526 :
928 487 1124 540 responde
1142 487 1218 527 hoc
1237 486 1350 527 mihi.
1453 488 1504 526 25

34 556 111 596 Pa.
150 555 294 595 Valet:
324 555 389 595 hic
410 561 493 594 est:
524 555 595 595 sed
613 554 729 594 satin'
750 554 886 594 omnia
904 567 956 594 ex
974 554 1199 594 sententia?

34 623 115 663 Dr„
154 622 313 662 Vellem
351 623 524 675 quidem.
612 623 687 662 Pa.
727 621 835 666 Quid
872 622 973 661 istuc
1010 622 1100 662 est?
1196 622 1277 661 Da.
1327 621 1505 674 Rogitas»,

197 688 384 728 Phaedria
397 689 412 727 2

35 757 178 804 Bonas.
200 769 266 795 me
285 755 459 814 absente,
479 754 545 795 hic
566 755 789 795 confecistis
807 755 980 809 nuptias.

34 822 112 861 Pa.
153 821 240 861 Eho
257 822 266 858 ἔ
296 835 348 860 an
367 821 407 860 id
428 835 631 860 suscenses
651 835 758 861 nunc
778 821 866 861 illi?
923 823 1001 862 Gn.
1042 823 1079 862 Ο
1099 821 1293 862 artificem
1313 821 1506 875 probum!

35 888 114 927 Da.
154 887 283 939 Egon’
303 886 360 926 illi
380 900 461 926 non
482 888 764 927 suscenseam?
791 888 923 941 ipsum
943 888 1071 941 gestio
1456 889 1509 926 30

35 954 134 994 Dari
153 955 208 993 mi
224 954 553 1007 inconspectum,
574 968 682 994 nunc
702 969 774 995 sua
793 956 910 1009 culpa
929 962 974 995 ut
992 956 1091 996 sciat

37 1022 188 1062 Lenem
207 1028 362 1075 patrem
381 1021 496 1061 illum
514 1022 665 1062 factum
684 1037 750 1062 me
770 1037 854 1063 esse
873 1024 1124 1064 acerrimum.
1142 1046 1169 1062 Α
1183 1054 1221 1066 „2

36 1089 113 1128 Pa.
150 1089 274 1142 Atqui
293 1089 351 1128 nil
369 1089 474 1137 fecit,
495 1095 648 1142 patrue,
671 1090 777 1142 quod
796 1104 1038 1130 suscenseas.

36 1156 115 1196 DF..
156 1156 260 1195 Eece
281 1161 414 1195 autem
436 1155 581 1196 similia
599 1157 759 1196 omnia:
791 1171 930 1197 omnes
950 1163 1202 1210 congruunt:
1284 1171 1292 1179 ’·
1338 1146 1366 1151 Μ

38 1223 176 1263 Unum
197 1214 425 1272 cuni'noris,
447 1237 584 1263 omnes
603 1224 723 1264 noris.
809 1225 885 1264 ΡΗ.
926 1225 1049 1264 Haud
1067 1225 1186 1266 ita’st.
1458 1228 1509 1265 35

38 1289 117 1329 Dr..
159 1290 259 1328 Cum
278 1289 321 1328 in
342 1290 461 1329 noxia
478 1289 544 1329 hic
564 1295 625 1329 est
636 1304 646 1338 ;
671 1289 743 1329 -ille
763 1290 815 1329 ad
833 1290 1130 1330 defendendum
1151 1291 1285 1331 adest:

39 1356 141 1396 Cum
161 1356 227 1395 ille
248 1362 317 1404 est,
340 1362 484 1409 praesto
502 1356 567 1396 hic
588 1362 647 1396 est
663 1371 671 1396 :
702 1357 864 1397 tradunt
883 1372 1022 1411 operas
1040 1364 1212 1398 mutuas.

43 1423 121 1462 Ga.
162 1423 288 1462 Probe
307 1422 451 1462 horum
470 1423 576 1462 facta
594 1423 826 1476 imprudens
846 1425 1028 1477 depinxit
1047 1438 1180 1465 senex.

40 1490 118 1531 Da.
160 1491 266 1530 Nam
286 1490 328 1530 ni
346 1489 434 1530 haec
455 1491 512 1530 ita
531 1496 672 1539 essent,
695 1504 786 1530 cum
805 1490 874 1530 illo
892 1491 1000 1530 haud
1019 1498 1153 1540 stares,
1177 1491 1373 1532 Phaedria.

39 1556 116 1596 Pu.
157 1557 198 1595 Si
218 1562 288 1605 est,
309 1562 462 1610 patrue,
485 1556 643 1610 culpam
662 1562 708 1595 ut
727 1556 908 1610 Antipho
927 1557 969 1596 in
989 1571 1030 1596 se
1051 1557 1263 1604 admiserit,
1387 1548 1390 1550 ¹
1460 1559 1514 1595 40

40 1623 103 1663 Ex
123 1636 200 1675 qua
218 1637 260 1662 re
281 1623 412 1662 minus
431 1622 490 1662 rei
507 1623 610 1662 foret
628 1628 697 1662 aut
714 1622 834 1662 famae
854 1628 1080 1676 temperans
1098 1622 1151 1662 :⁴1³

40 1689 132 1729 Nou
154 1703 314 1729 causam
334 1689 432 1738 dico,
453 1689 564 1743 quin,
587 1688 694 1742 quod
713 1689 876 1729 meritus
896 1689 958 1738 sit,
979 1689 1091 1729 ferat.

40 1757 129 1805 Sed,
152 1757 184 1796 si
203 1757 290 1809 quis
309 1757 423 1805 forte,
446 1756 599 1796 malitia
615 1757 740 1797 fretus
761 1771 843 1806 sua,

40 1824 211 1864 Insidias
229 1830 375 1863 nostrae
394 1824 490 1863 fecit
507 1823 800 1873 adulescentiae,

39 1892 101 1931 Ac
122 1891 215 1931 vicit
227 1906 237 1940 3
268 1891 443 1930 nostran'
464 1890 647 1944 culpaea
666 1891 754 1930 est?
781 1903 833 1930 an
847 1890 1043 1944 judicum,
1460 1893 1510 1929 45

41 1959 121 2003 Qui
141 1972 246 2011 saepe
266 1963 426 2012 propter
443 1958 636 1998 invidiam
655 1958 839 1997 adimunt
857 1958 982 2006 diviti,

40 2024 125 2064 Aut
144 2030 303 2078 propter
321 2023 633 2064 misericordiam
653 2023 806 2063 addunt
823 2023 1019 2077 pauperi?

42 2090 120 2130 Gn.
162 2089 216 2128 Ni
236 2103 392 2129 nossem
413 2102 585 2137 causam,
607 2088 820 2138 crederem,
842 2102 937 2128 vera
954 2088 1061 2128 hunc
1082 2088 1204 2141 loqui.

42 2156 121 2196 Da.
161 2157 227 2196 An
247 2156 456 2208 quisquam
469 2155 597 2209 judex
616 2160 685 2204 est,
708 2155 777 2208 qui
795 2155 919 2208 possit
937 2168 1100 2194 noscere
1237 2199 1254 2214 ·

43 2223 129 2263 Tua
142 2223 261 2277 justa,
283 2223 351 2262 ubi
370 2228 453 2262 tute
472 2222 640 2262 verbum
659 2235 741 2260 non
760 2220 1011 2274 respondeas,
1460 2223 1514 2258 50

46 2289 108 2330 Ita
125 2296 170 2330 ut
187 2290 254 2329 ille
273 2290 398 2329 fecit?
481 2289 558 2329 Pu.
598 2289 776 2328 Functus
795 2286 1082 2328 adulescentuli
1102 2294 1162 2328 est

46 2356 232 2396 Officium
250 2355 446 2396 liberalis:
474 2361 686 2409 postquam
705 2355 757 2394 ad
770 2354 927 2408 judices

47 2422 285 2472 Ventmn’st,
307 2437 388 2462 non
407 2423 543 2476 potuit,
555 2422 728 2475 cogitata
746 2421 951 2476 proloqui:

49 2489 112 2531 Ita
130 2504 221 2530 eum
240 2496 326 2530 tum
346 2489 531 2529 timidum
550 2489 607 2529 ibi
625 2489 888 2543 obstupefecit
906 2490 1045 2543 pudor.

51 2557 128 2603 Ga.
166 2557 304 2596 Laudo
322 2556 430 2596 hunc
448 2570 456 2595 :
487 2555 558 2595 sed
576 2570 683 2596 cesso
703 2556 812 2596 adire
833 2557 1130 2610 quamprimum
1151 2558 1316 2595 senem?
1464 2558 1515 2595 55

51 2621 172 2671 Here,
192 2623 321 2663 salve:
352 2623 503 2662 salvom
522 2627 562 2661 te
581 2622 788 2662 advenisse
808 2623 975 2675 gaudeo.
1062 2623 1140 2662 Da.
1183 2622 1275 2662 Oh!

26 2695 30 2698 ’
53 2690 163 2731 Bone
182 2697 325 2739 custos,
348 2690 467 2739 salve,
489 2689 674 2729 columen
693 2704 787 2730 vero
806 2689 969 2730 familiae
987 2704 997 2728 z

54 2757 127 2796 Cui
145 2757 420 2798 commendavi
438 2756 566 2796 filium
583 2755 649 2796 hic
669 2756 806 2796 abiens
824 2769 972 2796 meum.

57 2823 135 2864 Gn.
174 2823 419 2867 Jamdudum
437 2829 476 2862 te
496 2837 634 2862 omnes
654 2836 726 2862 nos
745 2836 930 2862 accusare
951 2823 1068 2863 audio

777 2900 805 2927 x
