1670 3080
490 114 648 146 Ac'rus
683 113 730 145 v.
800 113 964 145 SCENA
998 113 1033 145 1.
1436 96 1531 146 107

73 201 239 248 Quidvis
257 206 390 241 tamen
403 201 490 254 jam
508 200 626 249 malo,
648 213 769 252 quam
786 199 894 239 hunc
913 200 1108 239 amittere.

73 269 180 315 Quid
197 282 303 308 nunc
321 268 548 308 renuntiem
567 269 637 308 abs
656 274 694 307 te
713 281 958 320 responsum,
981 265 1182 306 Chreme?

72 334 137 374 Ne
155 334 300 374 sentiat
315 347 381 373 me
400 334 578 382 sensisse,
599 339 717 387 atque
737 347 843 386 aegre
862 333 975 373 ferat.

73 401 148 441 Cn.
187 400 309 453 AEgre
325 401 335 440 !
365 400 535 440 nimium
553 400 622 449 1111,
645 400 897 449 Menedeme,
919 399 1114 452 indulges.
1200 396 1287 437 Mn.
1327 396 1420 437 Sine
1438 410 1447 436 :
1482 399 1535 436 20

73 467 359 521 Inceptum’st:
386 467 534 520 perfice
552 467 627 506 hoc
646 466 703 506 mi
721 471 925 519 perpetuo,
949 465 1131 506 Chreme.

2 540 5 542 ’
73 534 148 574 Cu.
187 533 264 573 Dic
284 533 527 593 convenisse,
550 533 674 585 egisse
695 538 733 571 te
753 533 801 571 de
821 532 982 585 nuptiis.

74 599 160 639 Mn.
198 599 366 638 Dicam.
396 599 492 651 quid
510 599 680 638 deinde?
763 599 838 638 Cn.
879 598 950 638 Me
969 598 1167 637 facturum
1187 609 1270 637 esse
1289 595 1448 667 omnia;

75 667 279 706 Generum
297 665 479 719 placere·
469 695 479 715 ,
509 671 709 719 postremo
729 665 862 714 etiam,
883 665 916 704 si
934 664 1054 713 voles,
1219 672 1221 674 ’

72 732 323 786 Desponsam
342 745 498 786 quoque
517 745 600 771 esse
619 731 751 771 dicito.
827 731 915 770 Ma.
946 730 1077 784 Hem!
1107 730 1209 769 istuc
1227 729 1442 769 volueram.
1482 731 1532 769 25

74 799 149 839 Cu.
187 799 317 838 Tanto
336 812 458 852 ocyus
476 804 515 838 te
534 804 579 838 ut
596 804 743 852 poscat,
765 803 806 837 et
824 804 878 846 tu,
899 797 942 837 id
960 797 1067 850 quod
1085 796 1208 850 cupis,

73 867 204 911 Quam
224 866 416 919 ocyssime
435 872 480 906 ut
498 866 578 905 des.
663 865 750 905 ΜΕ.
790 865 929 918 Cupio.
1015 864 1090 903 Cn.
1130 863 1208 903 Nae
1227 867 1272 903 tu
1289 862 1532 916 propediem,

71 932 129 971 Ut
145 932 262 971 istam
280 946 366 971 rem
385 932 512 981 video,
533 932 645 971 istius
664 932 954 971 obsaturabere.
1307 951 1310 954 >

73 1000 152 1040 Sed
168 1000 255 1040 haec
273 1006 319 1040 ut
335 1006 381 1039 ut
398 1005 502 1049 sunt,
524 1000 672 1039 cautim
691 1005 732 1039 et
748 998 942 1052 paulatim
961 996 1085 1046 dabis,

74 1066 116 1106 Si
134 1067 272 1120 sapies.
331 1066 417 1105 Mn.
440 1066 613 1106 Faciam.
671 1066 745 1106 Cn.
768 1065 851 1105 Abi
868 1065 999 1114 intro:
1029 1062 1133 1112 vide,
1154 1062 1251 1116 quid
1268 1061 1451 1116 postulet.
1466 1060 1535 1102 ‘30

73 1133 160 1187 Ego
179 1133 287 1173 domi
305 1147 382 1183 em,
404 1133 437 1172 si
455 1132 551 1187 quid
569 1146 634 1172 me
653 1131 774 1172 voles.
859 1130 946 1170 ΜΕ.
986 1131 1090 1170 Sane
1108 1128 1222 1169 volo:

74 1199 181 1240 Nam
199 1205 238 1241 te
258 1201 450 1241 scientem
468 1199 624 1250 faciam,
647 1198 837 1253 quicquid
855 1211 985 1250 egero.

496 1400 672 1440 ACTUS
721 1399 771 1438 V.
858 1398 1040 1438 SCENA
1085 1397 1119 1437 I.

531 1499 815 1539 Mmmnsuus.
865 1497 1079 1537 CHREMES.

77 1605 162 1645 Mn.
203 1604 302 1658 Ego,
325 1617 390 1644 me
418 1615 499 1642 non
521 1606 604 1642 tam
623 1606 809 1650 astutum,
834 1613 964 1653 neque
986 1600 1045 1640 ita
1070 1600 1342 1654 perspicacem
1369 1614 1464 1651 esse,
1494 1602 1537 1641 id

237 1671 318 1711 scio
334 1685 344 1710 ;

77 1737 155 1779 Sed
171 1737 236 1778 hic
255 1737 411 1790 adjutor
428 1749 542 1775 meus
561 1739 602 1774 et
618 1733 792 1774 monitor
809 1739 850 1773 et
867 1738 1192 1787 praemonstrator
1213 1733 1402 1774 Chremes

77 1806 168 1845 Hoc
186 1804 286 1844 mihi
304 1808 484 1857 praestat:
513 1802 557 1841 in
576 1815 641 1841 me
662 1800 817 1854 quidvis
835 1800 978 1840 harum
998 1814 1130 1840 rerum
1149 1801 1346 1850 convenit,

77 1873 178 1917 Quae
198 1876 290 1911 sunt
307 1871 413 1910 dicta
430 1870 472 1909 in
491 1860 669 1916 stultum,
690 1866 854 1915 caudeX‚
876 1866 1006 1919 stipes,
1027 1866 1173 1915 asinus,
1193 1866 1402 1919 plumbeus
1419 1881 1428 1905 :

78 1939 129 1978 In
147 1938 261 1978 illum
279 1937 337 1976 nil
353 1942 483 1990 potest
499 1950 508 1975 :
539 1914 850 1988 exsuperat'eJus
869 1932 1035 1972 stultitia
1052 1932 1140 1972 haec
1159 1933 1306 1973 omnia.
1511 1937 1535 1973 5

79 2006 155 2046 Cn.
194 2004 308 2046 Ohe!
331 2004 418 2057 jam
437 2003 572 2043 desine
592 2002 700 2041 Deos
717 2014 819 2040 uxor
836 1999 1073 2053 gratulando
1093 2000 1323 2049 obtundere,

78 2073 207 2113 Tuam
225 2085 307 2112 esse
325 2071 530 2111 inventam
547 2074 711 2142 gnatam
728 2082 736 2107 :
766 2067 843 2106 nisi
862 2066 949 2105 illos
969 2080 1019 2105 ex
1038 2071 1105 2105 tuo
1124 2066 1287 2119 ingenio
1300 2066 1467 2120 judicas,

77 2139 134 2178 Ut
150 2137 208 2178 nil
227 2137 362 2177 credas
379 2133 612 2188 intelligere,
633 2134 710 2173 nisi
728 2133 835 2173 idem
854 2132 1017 2172 dictum’
1019 2137 1058 2171 st
1073 2132 1234 2172 centies.

80 2204 158 2244 Sed
174 2203 345 2252 interim,
366 2201 463 2256 quid
479 2201 560 2242 illic
572 2199 810 2254 jamdudum
828 2203 974 2252 gnatus
993 2203 1118 2238 cessat
1136 2212 1228 2237 cum
1249 2199 1378 2252 Syro?

80 2271 166 2312 Mn.
187 2271 296 2316 Quos
311 2272 367 2310 a'is
380 2269 574 2318 homines,
591 2267 773 2319 Chreme,
790 2279 968 2306 cessare.
956 2266 972 2294 '²
1028 2266 1103 2305 Cn.
1127 2265 1266 2315 Ehem,
1285 2248 1535 2315 Menedeme,

238 2337 428 2378 advenis?
1489 2335 1506 2370 1
1514 2337 1538 2370 0

80 2405 155 2445 Dic
172 2405 284 2454 mihi,
305 2404 457 2453 Cliniae,
478 2417 568 2456 quae
587 2401 682 2450 dixi,
702 2399 934 2441 nuntiastin’
947 2399 963 2438 ’.Ρ
1046 2398 1134 2438 ΜΕ.
1176 2399 1335 2439 Omnia.

80 2473 156 2512 Cn.
203 2472 310 2518 Quid
328 2473 410 2512 ait?
499 2471 587 2511 Mn.
638 2469 823 2509 Gaudere
843 2467 942 2507 adeo
961 2467 1127 2519 occepit,
1155 2467 1267 2520 quasi
1287 2466 1356 2519 qui
1375 2466 1541 2519 cupiunt

238 2539 409 2592 nuptias

81 2604 156 2646 Cu.
204 2605 285 2652 Ha,
307 2604 370 2653 ha,
390 2603 481 2643 hae!
576 2601 663 2641 Mn.
712 2600 819 2646 Quid
838 2598 985 2639 risisti?
1058 2593 1066 2598 ’
1079 2599 1154 2638 Cn.
1205 2599 1315 2639 Servi
1334 2612 1478 2639 venere
1498 2599 1539 2638 in

238 2675 415 2709 mentem
435 2668 524 2722 Syri

82 2735 333 2776 ealliditates.
407 2735 496 2775 Mn.
536 2734 679 2774 Itane?
748 2733 822 2773 Cn.
862 2731 1004 2772 Voltus
1024 2745 1180 2784 quoque
1198 2731 1408 2771 hominum
1428 2730 1543 2784 fingit

241 2801 380 2842 scelus.
