1670 3080
519 129 679 161 Aeros
715 129 782 159 IV.
836 127 1018 160 ‘scENA
1054 129 1099 159 v,
1459 112 1550 161 139

92 213 163 258 Nil
178 215 278 256 mihi
296 215 535 269 respondes?
615 214 702 253 AES.
742 214 836 252 Non
855 213 1037 265 equidem
1058 213 1163 262 istas,
1186 214 1290 266 quod
1310 216 1445 254 sciam.

92 283 169 323 M1.
210 283 298 322 Ita:
327 295 423 321 nam
441 281 625 328 mirabar,
648 280 744 332 quid
763 279 827 318 hic
847 279 982 331 negoti
1003 284 1105 318 esset
1123 279 1206 318 tibi.

91 349 284 390 Erubuit:
314 347 425 388 salva
441 361 504 387 res
524 352 594 386 est.
679 346 765 385 AES.
782 351 785 355 '
806 345 882 384 Dic
902 359 919 384 s
940 347 1026 394 des,
1047 351 1172 398 pater,

50 458 59 466 ,
89 416 180 456 Tibi
198 429 292 456 vero
311 415 408 468 quid
424 415 510 455 istic
530 414 588 453 rei
606 414 710 453 fuit?
793 413 870 452 M1.
910 412 980 452 Nil
998 413 1096 452 mihi
1116 413 1289 466 quidem.
1506 416 1554 452 10

90 483 259 522 Amicus
275 482 437 536 quidam
456 495 521 521 me
541 495 566 520 a
583 481 668 520 foro
687 480 853 519 abduxit
871 480 989 519 modo

90 550 184 590 Huc
202 550 440 590 advocatum
459 548 544 588 sibi.
601 548 688 587 AEs.
727 546 860 591 Quid?
944 547 1022 586 M1.
1062 547 1148 599 Ego
1168 546 1299 586 dicam
1319 545 1389 586 tibi
1406 561 1416 584 :

91 618 288 658 Habitant
305 617 370 657 hic
390 617 573 670 quaedam
591 615 778 655 mulieres
793 629 802 663 ;
833 613 1099 667 pauperculae,

89 685 146 724 Ut
163 684 317 738 opinor,
337 682 410 722 has
428 696 510 722 non
529 695 644 721 nosse
663 686 702 719 te
719 693 728 719 ε
759 686 798 719 et
817 686 924 719 certo
944 679 1044 718 scio:

89 752 231 805 Neque
251 751 360 790 enim
378 750 448 790 diu
464 749 543 789 huc
563 747 886 800 commigrarunt.
944 746 1031 788 AES.
1062 746 1170 791 Quid
1187 751 1274 785 tum
1293 747 1458 799 postea?
1503 750 1550 786 15

90 819 167 858 M1.
196 819 321 872 Virgo
340 823 400 858 est
417 831 510 857 cum
528 821 667 856 matre.
724 815 811 854 AEs.
844 814 982 867 Perge.
1041 813 1119 853 M1.
1155 813 1258 853 Haec
1277 813 1390 866 virgo
1408 814 1553 854 orba'st

248 890 386 938 patre:

88 952 169 992 Hic
186 965 300 992 meus
318 951 469 991 amicus
486 949 545 989 illi
563 961 709 1001 genere
730 953 788 986 est
806 960 1024 1000 proxumus
1040 961 1049 986 :

89 1019 197 1060 Huic
214 1019 324 1072 leges
342 1021 490 1070 cogunt
506 1016 654 1055 nubere
674 1014 790 1053 hanc.
874 1014 961 1053 AEs.
1001 1013 1106 1052 Perii
1122 1013 1132 1052 1
1222 1012 1300 1051 M1.
1340 1012 1448 1057 Quid
1466 1014 1554 1053 est?

88 1087 174 1126 AEs.
213 1084 309 1124 Nil:
338 1089 467 1123 recte:
496 1095 631 1136 perge.
717 1080 794 1119 M1.
835 1079 876 1118 Is
894 1079 1006 1119 venit
1023 1084 1068 1118 ut
1086 1092 1222 1118 secum
1241 1077 1387 1118 avehat
1406 1091 1416 1116 :

87 1153 195 1193 Nam
212 1153 367 1192 habitat
386 1150 531 1191 Mileti.
588 1149 675 1189 AEs.
698 1148 807 1187 Hem
824 1147 833 1186 ἓ
864 1146 1061 1199 virginem
1080 1151 1125 1185 ut
1143 1159 1279 1185 secum
1299 1144 1472 1184 avehat?
1500 1148 1551 1185 20

87 1220 165 1259 M1.
188 1219 252 1259 Sic
271 1224 342 1259 est.
385 1218 471 1258 AEs.
493 1215 680 1256 Miletum
699 1227 823 1268 usque
843 1213 1034 1253 obsecro?
1080 1212 1158 1251 M1.
1182 1211 1257 1251 Ita.
1294 1211 1381 1251 AEs.
1403 1211 1552 1251 Animo

247 1284 414 1325 male’st.

88 1353 197 1398 Quid
213 1352 340 1406 ipsae?
366 1351 462 1405 quid
480 1349 621 1390 aiunt?
703 1348 780 1387 M1.
821 1347 928 1392 Quid
946 1346 1034 1386 illas
1054 1346 1218 1386 censes?
1245 1345 1345 1385 nihil
1363 1345 1482 1385 enim.

89 1419 325 1458 Commenta
342 1422 471 1456 mater
489 1421 559 1464 est,
581 1428 666 1454 esse
686 1428 737 1454 ex
755 1414 832 1453 alio
852 1414 949 1462 viro,

89 1485 236 1525 Nescio
256 1497 345 1538 quo,
366 1497 536 1537 puerum
554 1487 694 1522 natum
711 1495 720 1520 ι
749 1494 879 1534 neque
899 1494 992 1520 eum
1011 1480 1192 1520 nominat
1208 1494 1216 1518 :

89 1552 266 1592 Priorem
285 1564 369 1590 esse
387 1549 516 1598 illum,
537 1562 617 1588 non
637 1552 816 1600 oportere
835 1546 927 1586 huic
947 1546 1043 1586 dari.
1501 1548 1550 1585 25

88 1619 174 1658 AEs.
215 1616 315 1665 Eho,
335 1629 469 1662 nonne
488 1614 576 1654 haec
590 1613 699 1666 justa
717 1612 789 1652 tibi
808 1613 992 1652 videntur
1009 1612 1175 1664 postea?

89 1683 167 1722 M1.
207 1682 314 1722 Non.
398 1681 484 1720 AES.
525 1680 700 1719 Obsecro
718 1679 830 1718 non?
857 1691 909 1717 an
928 1677 1039 1716 illam
1057 1677 1151 1717 hinc
1171 1676 1352 1726 abducet,
1372 1678 1514 1731 pater?

90 1749 168 1789 Μῐ.
207 1747 315 1793 Quid
331 1746 441 1786 illam
459 1746 503 1785 ni
521 1745 721 1785 abducat?
803 1744 888 1783 AES.
929 1744 1095 1783 Factum
1115 1758 1139 1783 a
1158 1744 1268 1783 vobis
1287 1744 1448 1793 duriter,

90 1813 550 1865 Immisericorditerque,
571 1816 689 1864 atque
709 1810 841 1858 etiam,
864 1809 895 1849 si
916 1816 986 1859 est,
1006 1815 1130 1863 pater,
1444 1841 1447 1843 Α

89 1881 317 1921 Dicendum
335 1878 462 1931 magis
482 1882 626 1930 aperte,
648 1875 902 1915 illiberaliter.
1501 1879 1554 1915 30

90 1949 176 1988 Mn.
217 1944 514 1991 Quamobrem?
596 1943 682 1982 AEs.
722 1942 856 1994 Rogas
874 1941 968 1980 me?
996 1941 1092 1993 quid
1110 1940 1169 1980 illi
1187 1940 1349 1980 tandem
1369 1941 1527 1981 creditis

91 2014 190 2054 Fore
210 2011 335 2052 animi
352 2010 508 2058 misero,
530 2008 599 2062 qui
619 2022 710 2047 cum
730 2021 778 2046 ea
797 2005 1002 2045 consuevit
1020 2006 1154 2059 prior?

89 2080 169 2126 Qui
186 2078 327 2119 infelix
343 2076 452 2127 haud
471 2076 551 2115 scio
570 2089 622 2115 an
642 2074 751 2113 illam
770 2073 913 2112 misere
933 2086 1041 2111 nunc
1060 2078 1180 2121 amat,

91 2148 192 2187 Cum
210 2145 314 2185 hanc
333 2143 407 2184 sibi
425 2142 574 2182 videbit
591 2153 767 2194 praesens
785 2144 1023 2192 praesentem
1043 2138 1153 2191 eripi,

91 2213 249 2255 Abduci
268 2212 317 2252 ab
338 2210 488 2250 oculis?
514 2209 668 2248 facinus
688 2206 910 2259 indignum,
930 2210 1056 2258 pater.
1501 2208 1551 2244 35

92 2280 169 2323 Μι.
209 2281 299 2324 Qua
317 2277 468 2317 ratione
487 2276 587 2315 istuc
602 2275 618 2313 ’.Ρ
646 2273 733 2327 quis
752 2271 991 2324 despondit?
1019 2271 1107 2323 quis
1126 2270 1264 2310 dedit?

92 2347 177 2396 Cui,
199 2344 358 2400 quando
376 2343 539 2397 nupsit?
566 2346 704 2381 auctor
722 2339 784 2378 his
802 2339 919 2379 rebus
939 2338 1026 2391 quis
1046 2338 1133 2376 est?
1220 2327 1222 2329 ’

93 2415 173 2455 Cur
191 2412 305 2453 duxit
323 2410 524 2452 alienam?
606 2409 692 2447 AEs.
733 2407 800 2446 An
820 2406 955 2446 sedere
975 2405 1148 2458 oportuit

94 2479 215 2521 Domi
233 2478 429 2531 virginem
448 2482 531 2516 tam
550 2474 755 2527 grandem,
777 2472 873 2511 dum
892 2478 1084 2523 cognatus
1102 2471 1197 2511 hinc

95 2547 210 2587 Illinc
229 2545 392 2591 veniret,
414 2539 738 2595 exspectantem?
767 2538 864 2585 haec,
885 2537 942 2576 mi
960 2542 1083 2590 pater,
1503 2540 1554 2576 40

94 2613 152 2654 Te
171 2612 299 2653 dicere
319 2623 477 2663 aequom
494 2607 582 2656 fuit,
604 2612 644 2646 et
661 2605 703 2646 id
722 2605 945 2645 defendere.

97 2680 174 2721 M1.
212 2677 464 2720 Ridiculum:
494 2675 734 2715 advorsusne
753 2672 864 2711 illum
885 2685 1045 2710 causam
1064 2670 1247 2719 dicerem,

98 2746 172 2787 Cui
189 2758 377 2787 veneram
396 2741 637 2783 advocatus?
665 2739 734 2779 sed
752 2738 848 2792 quid
866 2738 952 2786 ista,
972 2737 1175 2785 AEschine,

98 2813 272 2856 Nostra?
299 2818 368 2852 aut
386 2810 482 2865 quid
499 2808 613 2849 nobis
632 2821 723 2847 cum
742 2806 847 2846 illis?
875 2805 1083 2844 abeamus:
1115 2803 1210 2858 quid
1229 2803 1318 2844 est?
