1670 3080
566 99 687 133 c'rth
725 98 793 131 IV.
864 98 1030 130 scENA
1063 98 1098 129 1.
1467 83 1564 130 2²03

92 188 173 228 Ga.
203 188 305 240 Age,
326 200 412 240 age,
433 187 616 227 inventas
634 187 810 227 reddam.
870 186 946 226 Pu.
964 187 1001 225 Ο
1020 185 1221 239 lepidum!
1283 187 1360 226 Gn.
1383 187 1561 228 Auferte.

254 254 331 293 Pu.
371 255 465 294 Jam
485 254 645 307 opus‘st.
732 253 810 293 Gn.
850 253 942 292 Jam
963 253 1085 292 feres:

91 321 170 361 Sed
187 326 376 374 opusest,
397 322 454 360 mi
475 320 759 362 Phormionem
779 320 830 359 ad
848 319 953 359 hanc
972 333 1058 359 rem
1078 318 1300 372 adjutorem
1321 320 1417 360 dari.

88 387 171 428 Au.
212 388 438 428 Praesto’st:
469 389 743 428 audacissume
763 388 895 427 oneris
915 386 1071 440 quidvis
1089 388 1262 440 impone,
1287 394 1326 428 et
1344 388 1464 428 feret:

87 453 202 494 Solus
221 460 281 493 est
297 454 418 494 homo
437 455 566 494 amico
587 454 750 493 amicus.
837 454 915 493 Gn.
956 454 1104 493 Eamus
1124 467 1218 507 ergo
1238 454 1289 494 ad
1308 468 1399 493 eum
1421 468 1558 507 ocyus.

87 519 169 559 An.
209 519 418 573 Numquid
444 525 514 568 est,
540 520 646 572 quod
668 533 790 573 opera
810 533 902 559 mea
929 519 1040 558 vobis
1066 533 1165 572 opus
1191 520 1272 559 sit?
1356 521 1432 560 GE.
1470 519 1558 559 Nil:

245 600 384 626 verum
406 588 471 627 abi
491 588 668 636 domum,
1215 579 1229 593 ⁶
1507 590 1560 626 30

87 652 139 693 Et
167 653 277 694 illam
305 654 505 703 miseram,
537 668 658 707 quam
692 667 766 707 ego
797 666 905 693 nunc
931 652 1038 692 intus
1065 653 1146 692 scio
1175 666 1260 692 esse
1287 653 1559 693 exanimatam

246 726 369 770 metu,

87 786 301 826 Consolare
318 801 327 826 :
359 787 517 827 cessas?
600 788 682 826 An.
723 786 836 826 Nihil
856 791 926 834 est,
947 799 1062 838 aeque
1083 786 1189 839 quod
1208 786 1353 826 faciam
1365 785 1527 826 lubens.

82 852 157 891 Pu.
198 853 288 897 Qua
305 853 372 892 via
389 853 489 894 istuc
509 853 658 893 facies?
761 853 839 892 Gn.
880 852 1024 892 Dicam
1043 852 1085 892 in
1108 852 1205 892 itere
1223 867 1231 892 :
1262 852 1382 893 modo
1402 858 1440 892 te
1461 853 1555 893 hinc

244 933 399 960 alnove·

517 1118 695 1160 ACTUS
727 1120 802 1160 IV.
861 1119 1043 1160 SCENA
1075 1121 1108 1160 1.

564 1223 782 1263 Dnmrno.
841 1223 1057 1263 CHREMES.

76 1324 155 1363 DE.
195 1323 329 1368 Quid?
358 1337 438 1376 qua
456 1323 657 1376 profectus
676 1338 796 1365 causa
813 1324 908 1366 hinc
928 1340 970 1366 es
990 1326 1204 1376 Lemnum,
1228 1327 1410 1378 Chreme,

72 1389 299 1430 Adduxtin’
320 1378 453 1429 tecum
473 1389 627 1429 filiam?
710 1391 785 1430 Cn.
827 1391 934 1431 Non.
1021 1393 1100 1432 DE.
1141 1394 1249 1438 Quid
1267 1394 1323 1434 ita
1343 1396 1453 1435 non?

69 1457 145 1497 Cn.
189 1457 404 1510 Postquam
424 1457 533 1497 videt
550 1470 615 1496 me
635 1457 719 1510 ejus
738 1463 866 1497 mater
885 1472 969 1498 esse
989 1458 1054 1498 hic
1073 1459 1222 1499 diutius
1238 1476 1247 1510 ;

68 1525 196 1565 Simul
215 1531 348 1565 autem
369 1539 451 1564 non
471 1525 660 1564 manebat
677 1531 775 1564 aetas
794 1525 959 1578 virginis

68 1592 207 1632 Meam
226 1592 514 1646 negligentiam
530 1607 540 1641 ;
571 1592 699 1645 ipsam
718 1606 810 1631 cum
830 1592 941 1631 omni
959 1592 1112 1633 familia
1514 1598 1538 1634 5

66 1659 134 1700 Ad
152 1673 217 1699 me
236 1660 457 1713 profectam
477 1673 560 1698 esse
581 1659 727 1698 aibant.
814 1659 893 1698 DE.
930 1660 1037 1704 Quid
1056 1660 1135 1700 illic
1158 1667 1239 1700 tam
1259 1662 1338 1710 diu,

66 1726 223 1775 Quaeso,
244 1725 367 1778 igitur
386 1725 696 1773 commorabare,
718 1725 787 1764 ubi
806 1725 848 1765 id
867 1726 1107 1766 audiveras?

60 1792 136 1831 Cn.
208 1791 281 1831 Pol
326 1806 392 1831 me
438 1791 609 1831 detinuit
653 1791 827 1833 morbus.
950 1792 1030 1832 DE.
1107 1793 1225 1833 Unde
1247 1795 1263 1832 ἲ
1319 1800 1387 1834 aut
1439 1795 1507 1847 qui
1529 1797 1543 1833 ἓ

226 1860 302 1899 Cn.
353 1859 516 1912 Rogas?

62 1926 253 1966 Senectus
271 1925 411 1979 ipsa’st
427 1926 589 1964 morbus
606 1939 615 1964 :
645 1925 716 1964 sed
735 1925 890 1964 venisse
910 1938 977 1965 eas

60 1993 196 2032 Salvas
215 1992 350 2032 audivi
369 2005 421 2031 ex
439 1996 573 2040 nauta,
596 1991 665 2044 qui
683 1991 772 2030 illas
791 1997 967 2031 vexerat.
1485 1997 1533 2034 10

58 2059 137 2099 Dn.
177 2059 285 2104 Quid
301 2064 426 2112 gnato
445 2059 633 2112 obtigerit
650 2072 716 2098 me
735 2059 913 2108 absente,
936 2058 1136 2108 audistin’,
1159 2060 1329 2100 Chreme
1346 2062 1360 2099 2

58 2127 134 2166 Cn.
174 2126 292 2171 Quod
311 2127 473 2180 quidem
492 2139 558 2166 me
576 2126 730 2166 factum
750 2126 890 2166 consili
908 2126 1106 2167 incertum
1125 2128 1232 2167 facit.

56 2192 166 2233 Nam
183 2192 288 2233 hanc
309 2192 578 2233 conditionem
597 2192 631 2232 si
651 2192 715 2232 cui
736 2192 864 2233 tulero
883 2193 1068 2242 extrario,

56 2261 146 2306 Quo
164 2266 283 2314 pacto
302 2266 373 2300 aut
390 2260 499 2300 unde
518 2259 619 2300 mihi
638 2260 700 2309 sit,
721 2260 940 2304 dicundum
960 2260 1099 2300 ordine
1120 2266 1190 2300 est.

55 2327 114 2368 Te
132 2327 233 2367 mihi
251 2327 411 2368 fidelem
430 2341 514 2368 esse
535 2341 649 2381 aeque
669 2332 789 2381 atque
809 2333 969 2380 egomet
986 2341 1074 2368 sum
1094 2327 1204 2377 mihi,
1482 2333 1529 2369 15

57 2394 213 2434 Scibam
230 2408 239 2434 :
269 2393 336 2434 ille
356 2394 389 2434 si
407 2407 474 2434 me
494 2393 648 2434 alienus
667 2394 832 2434 affinem
850 2393 968 2443 volet,

54 2460 229 2510 Tacebit,
251 2461 347 2501 dum
365 2461 586 2501 intercedet
603 2461 853 2501 familiaritas
870 2476 879 2501 ε

56 2527 125 2567 Sin
144 2527 337 2581 spreverit
354 2541 432 2576 me,
453 2527 555 2581 plus,
578 2541 698 2581 quam
718 2542 817 2581 opus
837 2533 897 2568 est
915 2528 1025 2576 scito,
1047 2528 1155 2568 sciet.

55 2593 296 2647 Vereorque,
316 2607 368 2634 ne
388 2608 489 2634 uxor
507 2595 642 2648 aliqua
659 2595 735 2635 hoc
753 2596 940 2636 resciscat
957 2609 1074 2635 mea:

55 2661 173 2705 Quod
190 2661 223 2701 si
240 2661 298 2710 fit,
317 2666 364 2701 ut
381 2674 447 2701 me
466 2662 678 2711 excutiam,
701 2667 820 2714 atque
842 2662 1022 2716 egrediar
1041 2662 1172 2711 domo,
1475 2667 1527 2703 20

55 2726 106 2767 Id
123 2727 268 2768 restat:
297 2740 393 2768 nam
414 2742 489 2781 ego
507 2742 688 2768 meorum
708 2729 812 2768 solus
832 2743 921 2769 sum
939 2743 1066 2770 meus.

53 2793 134 2835 Dr..
172 2794 263 2836 Scio
281 2795 337 2837 ita
356 2809 440 2836 esse
457 2810 466 2835 ε
498 2801 538 2836 et
557 2796 667 2837 istaec
685 2796 786 2838 mihi
805 2810 868 2837 res
887 2796 1178 2841 solicitudini'st
1195 2813 1204 2836 z
