1670 3080
145 148 241 198 ‘172
773 165 998 198 HECYRA.

141 247 250 292 Quin
270 252 338 287 tua
358 246 598 287 Philumena
615 247 667 287 ad
686 252 724 287 te
743 248 889 288 redeat.
948 248 1020 287 ΡΑ.
1061 249 1218 296 Quaeso,
1240 248 1337 302 quid
1354 247 1456 290 istuc
1474 248 1615 290 consili

306 320 366 354 est
379 314 395 353 Τ

142 382 255 422 Illius
275 382 441 422 stultitia
459 382 576 431 victa,
599 396 650 422 ex
667 383 764 422 urbe
784 387 828 422 tu
846 396 912 422 rus
931 383 1154 422 habitatum
1173 383 1322 437 mig-res
1334 383 1355 423 ’.Ρ

141 450 267 489 Haud
284 450 406 490 facies
422 463 432 489 z
453 463 583 502 neque
603 450 742 498 sinam,
763 455 808 489 ut
827 450 895 503 qui
914 450 1039 499 nobis,
1061 455 1200 499 mater,
1221 450 1479 492 maledictum
1498 450 1608 502 velit,

140 517 238 558 Mea
256 518 476 572 pertinacia
495 533 578 558 esse
599 518 705 557 dicat
723 519 885 566 factum,
906 518 1015 558 haud
1035 524 1104 558 tua
1122 519 1328 559 modestia.
1558 522 1607 560 15

138 586 243 625 Tum
263 592 350 626 tuas
369 587 518 626 amicas
538 592 576 627 te
596 593 635 626 et
654 592 842 639 cognatas
862 587 1041 626 deserere
1062 591 1102 625 et
1119 586 1240 625 festos
1259 586 1346 626 dies

140 653 237 693 Mea
269 638 399 702 causa,
435 654 539 693 nolo.
627 654 692 693 So,
732 653 800 693 Nil
829 654 898 707 pol
923 654 1011 707 jam
1039 654 1150 693 istaee
1175 654 1276 693 mihi
1301 668 1364 694 res
1391 654 1607 708 voluptatis

301 720 463 760 ferunt:

139 786 249 826 Dum
269 787 397 826 aetatis
417 792 575 840 tempus
594 786 695 836 tulit,
717 787 927 840 perfuncta
947 787 1039 826 satis
1059 800 1148 826 sum
1164 800 1173 826 ε
1204 786 1323 826 satias
1337 787 1426 840 jam
1443 791 1555 827 tenet

137 854 366 893 Studiorum
387 854 553 894 istorum
571 868 580 894 ε
610 854 699 894 haec
722 854 820 894 mihi
851 868 959 894 nunc
980 868 1075 894 cura
1099 859 1159 894 est
1180 867 1383 903 maxuma,
1403 859 1450 894 ut
1470 867 1522 895 ne
1542 854 1607 895 cui

294 931 387 959 mea
1614 924 1618 926 ’

135 987 426 1041 Longinquitas
445 988 574 1028 aetatis
593 989 745 1038 obstet3
776 994 998 1028 mortemve
1019 993 1223 1041 exspectet
1240 1001 1387 1028 meam.
1554 990 1607 1028 20

135 1053 215 1093 Hic
235 1054 351 1093 video
371 1069 435 1094 me
457 1069 540 1094 esse
561 1055 732 1094 invisam
751 1055 951 1094 immerito
967 1070 976 1094 :
1007 1060 1164 1107 tempus
1183 1060 1242 1094 est
1260 1054 1490 1094 concedere.

134 1119 198 1159 Sic
218 1126 391 1173 optume,
413 1127 458 1160 ut
477 1135 550 1174 ego
570 1122 721 1174 opinor,
744 1135 881 1161 omnes
902 1134 1039 1160 causas
1057 1120 1274 1174 praecidam
1293 1120 1478 1160 omnibus
1495 1134 1504 1159 :

134 1187 187 1226 Et
205 1201 269 1226 me
289 1187 364 1227 hac
385 1188 609 1241 suspicione
632 1188 846 1236 exsolvam,
869 1193 909 1226 et
927 1187 1004 1227 illis
1023 1201 1176 1227 morem
1195 1201 1367 1240 gessero.

133 1253 228 1292 Sine
246 1267 324 1301 me,
346 1254 520 1301 obsecro,
542 1253 618 1292 hoe
638 1253 824 1306 effugere,
842 1253 982 1306 volgus
997 1254 1104 1306 quod
1122 1253 1226 1292 male
1247 1253 1358 1294 audit
1375 1251 1601 1294 mulierum.

133 1318 205 1357 ΡΑ.
246 1319 380 1363 Quam
398 1319 623 1358 fortunatus
642 1319 786 1358 ceteris
804 1319 879 1358 sim
898 1319 1028 1368 rebus,
1050 1320 1198 1372 absque
1215 1333 1298 1359 una
1315 1319 1391 1359 hac
1410 1320 1523 1369 foret,
1549 1323 1602 1360 25
1653 1363 1656 1366 Δ

132 1384 251 1424 Hane
271 1390 442 1424 matrem
461 1385 614 1424 habens
634 1385 766 1432 talem,
787 1385 898 1425 illam
918 1391 1053 1425 autem
1071 1399 1251 1426 uxorem.
1309 1386 1376 1426 So·
1412 1387 1601 1434 Obsecro,

291 1452 348 1491 mi
369 1451 590 1505 Pamphile,

130 1518 224 1557 Non
253 1523 338 1557 tute
363 1518 662 1558 incommodam
691 1531 787 1566 rem,
809 1523 853 1557 ut
873 1532 1042 1572 quaeque
1070 1523 1140 1567 est,
1162 1518 1204 1557 in
1232 1518 1412 1559 animum
1434 1518 1602 1560 induces

291 1585 402 1638 pati?

129 1652 170 1691 Si
189 1658 319 1692 cetera
338 1652 394 1692 ita
413 1657 515 1700 sunt,
536 1657 582 1692 ut
601 1652 671 1702 vis,
693 1653 827 1706 itaque
845 1658 891 1692 ut
910 1666 994 1692 esse
1014 1666 1089 1706 ego
1107 1652 1176 1692 illa
1195 1652 1403 1700 existumo,

129 1715 191 1755 Mi
204 1720 339 1769 gnate,
353 1716 404 1755 da
419 1716 475 1755 mi
489 1715 594 1755 hanc
609 1716 781 1765 veniam,
799 1716 946 1756 redduc
962 1716 1084 1756 illam.
1144 1717 1216 1756 ΡΑ.
1239 1717 1314 1757 Vae
1326 1717 1472 1757 misero
1485 1716 1597 1758 mihi.

128 1782 194 1821 So.
235 1781 287 1821 Et
308 1781 407 1820 mihi
427 1782 614 1834 quidem:
645 1796 740 1821 nam
766 1782 854 1821 haec
882 1795 945 1822 res
970 1796 1052 1822 non
1080 1782 1213 1822 minus
1238 1797 1303 1822 me
1330 1782 1436 1824 male
1462 1783 1596 1833 habet,
1667 1796 1670 1823 ἓ

291 1860 411 1899 quam
430 1852 484 1896 te,
506 1852 626 1900 gnate
646 1847 715 1886 mi.

551 1984 723 2024 ACTUS
755 1984 829 2024 1v.
890 1985 1072 2025 SCENA
1103 1986 1174 2025 111

469 2084 648 2124 LAcmzs.
708 2085 933 2124 SosrnA'rA.
992 2085 1253 2125 PAMpmms.
1331 2112 1334 2116 ‹
1642 2094 1670 2200 ξ

1646 2155 1656 2176 4

124 2187 198 2227 LA.
234 2187 364 2231 Quem
384 2200 477 2226 cum
496 2186 592 2226 istoc
613 2199 838 2225 sermonem
856 2186 1052 2235 habueris,
1073 2186 1211 2240 procul
1230 2187 1294 2227 nic
1314 2193 1423 2229 stans
1441 2190 1590 2245 accepi,
1642 2189 1670 2261 ἑᾷ

284 2266 396 2291 uxor.
1642 2269 1646 2306 ζ

123 2321 231 2360 Istuc
251 2325 310 2359 est
330 2333 481 2372 sapere,
505 2319 584 2373 qui,
605 2319 847 2371 ubicumque
870 2333 968 2372 opus
988 2319 1048 2368 sit,
1071 2319 1251 2360 animum
1269 2321 1396 2374 possis
1413 2322 1602 2374 flectere,·

121 2388 239 2432 Quod
258 2387 309 2426 sit
325 2387 560 2426 faciundum
579 2392 670 2440 post
687 2387 862 2435 fortasse,
884 2387 989 2426 idem
1008 2387 1084 2427 hoc
1105 2393 1149 2427 tu
1167 2402 1275 2429 nunc
1294 2389 1328 2428 si
1344 2389 1497 2431 feceris.
1646 2386 1653 2392 ”

121 2455 187 2493 So.
227 2454 324 2493 Fors
342 2454 428 2493 fuat
446 2453 525 2507 pol.
611 2453 685 2492 LA.
726 2453 806 2493 Abi
825 2467 891 2493 rus
912 2468 1006 2508 ergo
1024 2454 1118 2495 hinc
1135 2470 1144 2494 :
1174 2455 1229 2495 ibi
1249 2470 1325 2510 ego
1343 2462 1383 2497 te
1403 2463 1444 2498 et
1461 2460 1506 2498 tu
1522 2472 1588 2501 me
1632 2484 1635 2493 ν

278 2521 394 2560 feres.

121 2589 183 2626 So.
224 2587 348 2640 Spero
370 2592 534 2626 ecastor.
620 2587 695 2626 LA.
737 2587 757 2626 I
781 2602 874 2641 ergo
903 2588 1019 2638 intro,
1043 2595 1083 2628 et
1111 2603 1316 2644 compone,
1338 2603 1432 2644 quae·
1452 2596 1594 2632 tecumv

280 2652 399 2692 simul
1557 2658 1582 2698 5
1620 2651 1670 2693 ⁴,

120 2720 339 2760 Ferantur:
370 2721 464 2760 dixi.
551 2721 616 2760 So.
654 2721 718 2760 Ita
736 2727 781 2760 ut
794 2721 923 2774 jubes,
945 2722 1103 2762 faciam.
1189 2723 1262 2763 ΡΑ.
1303 2723 1422 2764 Pater
1593 2731 1626 2774 §²3

120 2788 193 2836 LA,
235 2787 342 2832 Quid
373 2787 444 2836 vis,
482 2787 719 2840 Pamphile?
775 2788 847 2826 ΡΑ.
888 2788 998 2828 Hinc
1032 2790 1139 2829 abire
1164 2790 1364 2829 matrem?
1389 2788 1570 2831 minume
1626 2823 1628 2832 ,,

282 2854 355 2893 LA.
397 2853 505 2898 Quid
523 2853 579 2893 ita
597 2853 697 2893 istuc
720 2853 806 2893 vis?
1614 2851 1615 2854 '
