1670 3080
154 122 248 169 178
770 136 996 170 HECYRA.

150 219 332 260 Profecto
349 220 392 260 in
410 220 485 260 hac
504 234 547 260 re
567 221 625 260 nil
643 221 739 260 mali
759 228 829 270 est,
851 223 958 274 quod
977 222 1027 261 sit
1045 219 1210 262 discidio
1229 221 1408 276 dignum.
1424 260 1426 262 ,
1570 275 1574 278 .

150 287 225 326 Pa.
266 286 399 326 Velim
420 288 581 340 quidem
599 287 744 327 hercle.
804 287 878 327 LA.
915 288 1090 340 Exquire
1108 301 1117 326 ·,
1147 288 1280 327 adest:
1310 289 1418 342 quod
1434 288 1529 329 satis
1546 289 1610 338 sit,

309 354 428 393 faciet
445 354 542 407 ipsa.
1471 362 1475 366 ⁷

147 420 223 459 Pu.
264 420 370 464 Quid
389 421 446 459 mi
463 421 573 460 istaec
591 422 751 460 narras?
779 435 829 460 an
851 421 944 473 quia
962 433 1043 459 non
1063 425 1147 459 tute
1165 419 1250 472 ipse
1269 419 1421 461 dudum
1438 421 1595 471 audisti,

144 486 208 526 De
227 486 302 527 hac
322 501 364 526 re
383 488 539 527 animus
558 502 669 527 meus
683 494 728 526 ut
742 489 803 536 sit,
821 487 1004 526 Laches?
1022 487 1099 526 illis
1114 486 1233 526 modo
1248 486 1403 540 explete
1417 488 1608 529 mimum.

142 553 218 594 LA.
240 554 387 598 Quaeso
400 554 550 607 edepol,
565 554 742 603 Bacchis,
758 555 864 606 quod
878 554 976 593 mihi
992 568 1032 593 es
1046 553 1232 606 pollicita,
1249 559 1333 593 tute
1345 558 1541 594 utserves.
1556 557 1610 594 20

143 617 217 659 ΒΛ.
258 621 321 660 Ob
347 635 436 660 eam
465 635 549 661 rem
577 621 656 660 vin’
677 635 772 673 ergo
797 620 1025 660 introeam?
1109 619 1182 659 LA.
1223 620 1257 669 Ι,
1278 626 1397 674 atque
1421 620 1538 674 exple
1560 621 1610 661 iis

307 689 497 737 animum,
519 694 564 727 ut
583 689 758 728 credant.

144 754 218 794 ΒΑ.
259 754 318 794 Eo
334 769 344 803 ;
375 755 448 794 etsi
468 755 547 795 scio
566 755 633 808 pol
651 755 712 795 his
732 769 867 794 meum
887 755 970 794 fore
991 759 1249 807 conspectum
1267 753 1443 794 invisum
1461 753 1607 797 hodie:

143 820 251 861 Nam
270 827 395 874 nupta
414 822 612 861 meretrici
631 822 755 861 hostis
775 828 844 870 est,
867 835 890 861 a
909 822 994 860 viro
1013 821 1082 860 ubi
1102 826 1311 873 segregata
1329 826 1400 860 est.

142 887 216 927 LA.
256 888 313 926 At
329 887 417 927 haec
437 889 576 927 amicae
596 894 723 936 erunt,
743 888 823 937 ubi,
845 888 1103 940 quamobrem
1122 886 1343 936 adveneris,
1363 887 1589 928 resciscent.

142 954 217 993 Pa.
258 955 314 993 At
333 955 491 994 easdem
511 955 659 994 amicas
677 955 760 994 fore
780 955 850 994 tibi
868 955 1068 1008 promitte,
1089 968 1175 993 rem
1193 954 1262 994 ubi
1281 954 1514 1008 cognorint:
1554 957 1606 995 25

141 1020 249 1060 Nam
267 1021 354 1060 illas
374 1035 504 1060 errore
524 1027 565 1060 et
583 1027 621 1060 te
642 1021 760 1061 simul
780 1022 1001 1074 suspicione
1022 1020 1212 1069 exsolves.

139 1086 214 1126 ΒΑ.
254 1087 368 1136 Perii,
389 1087 514 1139 pudet
533 1087 780 1127 Philumenae
798 1102 806 1126 :
828 1101 898 1127 vos
917 1087 1128 1140 sequimini
1146 1086 1251 1127 intro
1269 1086 1348 1126 huc
1367 1088 1508 1128 ambae.

139 1152 213 1192 LA.
245 1153 351 1197 Quid
370 1159 429 1193 est
443 1154 550 1207 quod
567 1154 667 1193 mihi
685 1154 834 1203 malim,
853 1168 973 1207 quam
989 1154 1095 1206 quod
1113 1153 1205 1194 huic
1219 1153 1400 1207 intelligo
1417 1155 1606 1195 evenire?

137 1219 194 1258 Ut
211 1221 380 1272 gratiam
399 1221 535 1260 ineam
555 1221 638 1261 sine
658 1235 749 1260 meo
768 1221 974 1274 dispendio
995 1226 1034 1260 et
1051 1219 1151 1259 mihi
1169 1220 1330 1273 prosim.

137 1286 244 1325 Nam
264 1288 296 1326 si
316 1293 385 1336 est,
407 1294 451 1326 ut
469 1288 556 1327 haec
576 1301 684 1326 nunc
706 1287 959 1340 Pamphilum
979 1300 1070 1326 vere
1090 1287 1140 1326 ab
1159 1301 1200 1326 se
1220 1287 1447 1340 segregarit,
1548 1290 1603 1327 30

137 1353 229 1402 Scit,
251 1367 292 1392 se
312 1354 560 1393 nobilitatem
580 1368 630 1393 ex
650 1368 698 1393 ea
716 1368 758 1393 re
778 1360 938 1393 nactam
959 1360 999 1393 et
1016 1354 1187 1406 gloriam
1207 1367 1291 1394 esse
1307 1368 1316 1393 :
1668 1354 1670 1358 ’

136 1419 298 1459 Referet
316 1421 484 1473 gratiam
505 1421 552 1469 ei,
573 1434 732 1473 unaque
751 1434 824 1459 nos
843 1420 916 1459 sibi
935 1434 1056 1473 opera
1074 1420 1223 1460 amicos
1236 1419 1393 1474 Junget.

634 1722 853 1762 anmm.
912 1724 1108 1763 BAccms.

554 1621 730 1660 ACTUS
762 1621 811 1659 v.
871 1620 1051 1660 SCENA
1082 1620 1165 1660 111.
1389 1612 1394 1619 “
1603 1547 1670 1724 Ξ

1651 1725 1670 1876 ἐ

130 1826 202 1865 ΡΑ.
243 1825 399 1878 Edepol
417 1839 482 1865 nae
501 1839 633 1864 meam
652 1825 771 1865 herus
791 1832 874 1865 esse
895 1839 1057 1878 operam
1077 1826 1242 1880 deputat
1259 1827 1373 1880 parvi
1391 1828 1516 1882 preti;

128 1893 208 1937 Qui
228 1894 278 1932 ob
297 1907 382 1932 rem
401 1893 554 1932 nullam
573 1893 692 1941 misit,
712 1893 857 1932 frustra
874 1893 943 1932 ubi
963 1898 1090 1932 totum
1111 1893 1244 1933 desedi
1263 1894 1370 1934 diem
1387 1909 1396 1934 :

128 1959 365 2012 Myconium
385 1959 582 2012 hospitem
602 1959 698 1998 dum
718 1963 903 2011 exspecto
921 1959 962 1997 in
983 1972 1072 1998 arce
1094 1959 1406 2000 Callidemidem.

127 2025 269 2078 Itaque
289 2025 446 2077 ineptus
467 2024 583 2064 hodie
603 2024 699 2063 dum
718 2023 776 2062 illi
795 2024 924 2072 sedeo,
945 2029 989 2063 ut
1008 2025 1217 2076 quisquam
1236 2032 1412 2074 venerat,

125 2091 382 2129 Accedebam
400 2105 408 2128 ;
440 2089 683 2136 adulescens,
705 2088 768 2128 dic
788 2089 883 2127 dum
904 2102 1049 2140 quaem,
1072 2090 1156 2128 tu'n'
1177 2103 1218 2128 es
1238 2090 1482 2142 Myconius?
1561 2093 1587 2131 5
1635 2087 1666 2136 23²

127 2157 258 2196 “Non
297 2156 425 2211 sum.’'
482 2157 540 2194 At
573 2154 880 2194 Callidemides?
923 2158 947 2177 ‘⁴
963 2154 1104 2198 Non.'’,
1173 2155 1386 2209 Hospitem
1423 2171 1590 2211 ecquem

290 2221 545 2275 Pamphilum
1634 2228 1670 2281 ‘f'

126 2290 205 2329 Hic
225 2290 376 2330 habes?
395 2303 532 2330 omnes
550 2289 774 2342 negabant:
795 2302 925 2340 neque
946 2302 1036 2328 eum
1058 2302 1285 2342 quenquam
1305 2303 1389 2331 esse
1407 2292 1585 2333 arbitror.
1632 2287 1669 2347 [γ

123 2356 307 2409 Denique
327 2356 459 2395 hercle
473 2356 559 2408 jam
578 2355 752 2408 pudebat
769 2369 777 2394 :
808 2355 886 2394 abii
903 2369 911 2393 ι
943 2355 1012 2394 sed
1031 2355 1127 2408 quid
1145 2355 1389 2396 Bacchidem
1631 2356 1667 2358 ”

122 2424 189 2462 Ab
208 2429 341 2462 nostro
360 2423 479 2462 affine
501 2428 714 2462 exeuntem
734 2421 877 2460 video?
906 2421 1001 2474 quid
1019 2421 1111 2461 huic
1130 2421 1196 2462 hic
1216 2428 1276 2462 est
1293 2423 1382 2463 rei?
1629 2468 1646 2473 ,-

122 2490 195 2529 BA.
219 2490 426 2538 Parmeno,
438 2495 657 2542 opportune
673 2494 710 2527 te
725 2488 857 2536 offers3
878 2502 1044 2541 propere
1058 2502 1170 2529 curre
1187 2490 1237 2530 ad
1250 2489 1515 2544 Pamphilum.
1532 2494 1585 2532 10
1615 2480 1632 2514 ’Ῐ
1654 2517 1659 2527 ·

122 2555 193 2595 ΡΛ.
234 2555 341 2599 Quid
373 2556 449 2594 eo?
522 2556 596 2595 BA.
636 2555 726 2603 Dic,
760 2568 825 2593 me
853 2568 975 2604 orare,
1007 2562 1052 2594 ut
1081 2557 1227 2596 veniat.
1313 2557 1385 2596 ΡΑ.
1425 2559 1493 2599 Ad
1517 2559 1585 2599 te?
1618 2565 1649 2610 ’ᾗ
1669 2599 1670 2612 ³

282 2623 356 2661 BA.
397 2622 529 2661 Immo
549 2622 600 2662 ad
620 2621 915 2661 Philumenam.
1449 2636 1457 2644 ·

120 2689 191 2728 Pl.
231 2689 338 2733 Quid
356 2689 414 2729 rei
433 2690 518 2730 est?
594 2689 669 2729 BA.
708 2689 796 2728 Tua
814 2689 920 2742 quod
938 2689 994 2728 nil
1015 2691 1146 2739 refert,
1167 2691 1392 2744 percontari
1409 2691 1587 2742 desinas.
1603 2715 1611 2738 5
1644 2700 1655 2703 ’

119 2755 191 2796 ΡΑ.
231 2756 302 2796 Nil
333 2756 441 2796 aliud
472 2756 633 2796 dicam?
714 2756 789 2795 BA.
829 2756 961 2795 Etiam
979 2770 987 2796 ε
1023 2771 1213 2809 cognosse
1242 2757 1435 2798 annulum
1465 2758 1577 2806 illum
1605 2767 1611 2778 ³
1653 2795 1655 2800 .

280 2822 532 2875 Myrrhinam
1611 2831 1615 2834 ’
1646 2814 1650 2832 ³
