1670 3080
494 151 653 183 Ac'rus
689 149 756 181 IV.
827 135 992 181 SCENA
1029 150 1095 181 1v⁶
1500 135 1564 184 27

98 238 324 280 Laborem?
350 237 465 278 facile
483 238 548 277 hic
566 237 656 291 plus
673 236 771 276 mali
790 242 860 285 est,
883 250 1003 289 quam
1023 236 1103 276 illie
1123 236 1229 276 boni.
1538 240 1563 277 5

97 306 176 346 Sed
194 307 332 346 Davos
348 307 433 345 exit
451 320 459 344 :
489 305 547 344 mi
564 304 697 352 homo,
719 302 816 357 quid
834 303 935 342 istuc
955 302 1195 341 obsecro’st?

98 373 189 418 Quo
206 378 340 427 portas
358 372 558 426 puerum?
612 372 692 411 DA.
734 370 876 423 MysiS‚
898 383 1007 408 nunc
1027 382 1125 422 opus
1145 375 1205 409 est
1226 375 1293 408 tua

98 438 203 479 Mihi
220 438 272 478 ad
290 438 394 478 hanc
414 452 498 477 rem
518 442 728 491 expromta
744 435 898 476 malitia
915 442 1035 489 atque
1055 436 1211 476 astutia..

97 504 184 544 Mr.
225 503 428 549 Quidnam
446 499 684 558 incepturus¹
698 502 757 542 ἐἳ
840 502 920 542 ΒΑ.
962 503 1113 556 Accipe
1132 517 1156 542 a
1174 517 1240 542 me
1259 503 1367 544 hunc
1386 517 1519 557 ocyuS.

95 571 231 624 Atque
254 576 348 610 ante
367 576 544 610 nostram
557 570 726 624 januam
746 583 914 623 appone.
1000 569 1088 609 MY.
1130 571 1318 619 Obsecro,
1516 574 1565 612 10

97 637 308 678 Humine?
389 639 470 678 DA,
510 639 574 678 Ex
593 651 661 678 ara
678 639 774 678 hine
793 652 906 678 sume
926 639 1118 678 verbenas
1138 639 1220 687 tibi,

94 705 231 758 Atque
250 718 317 744 eas
337 705 553 745 substerne.
639 705 727 744 Mv.
768 705 1038 750 Quamobrem
1055 705 1098 745 id
1116 710 1200 745 tute
1219 719 1300 745 non
1319 706 1446 747 facis?

95 771 175 811 DA.
215 771 319 817 Quia
339 772 370 811 si
389 772 489 812 forte
509 785 607 826 opus
627 772 678 811 sit
696 771 748 812 ad
765 771 907 812 herum
920 772 1055 825 jurato
1074 771 1174 812 mihi

95 838 190 878 Non
205 839 443 893 apposuisse,
464 845 510 879 ut
526 839 676 893 liquido
694 840 855 893 possim.
942 840 1030 880 MY.
1071 839 1260 893 Intelligo
1278 855 1287 879 :

98 905 216 945 Nova
234 919 342 946 nunc
360 906 499 959 religio
517 906 560 946 in
580 912 618 946 te
637 906 748 946 istaec
766 907 938 956 incessit,
961 907 1070 947 cedo.
1518 909 1564 947 15

94 973 174 1013 DA.
214 973 336 1013 Move
356 988 477 1027 ocyus
496 980 548 1023 te,
569 979 615 1013 ut
634 975 730 1028 quid
748 988 866 1028 agam
885 988 1014 1028 porro,
1034 975 1247 1028 intelligas.

94 1037 171 1077 Pro
191 1038 348 1092 Jupiter
364 1038 374 1077 1
462 1038 550 1078 ΜΥ.
589 1039 698 1084 Quid
716 1040 805 1080 est?
888 1040 968 1079 DA.
1009 1041 1174 1093 Sponsae
1193 1045 1308 1093 pater
1325 1039 1551 1079 intervenit.

93 1105 278 1159 Repudio
297 1105 404 1160 quod
423 1106 633 1146 consilium
651 1107 827 1161 primum
845 1108 1108 1148 intenderam.

94 1172 180 1212 Mv.
221 1173 368 1225 Nescio
386 1173 483 1227 quid
501 1187 648 1214 narres.
734 1174 815 1214 DA.
856 1175 943 1228 Ego
962 1189 1120 1228 quoque
1139 1175 1233 1215 hinc
1254 1171 1308 1215 abv
1323 1175 1487 1215 dextera

93 1239 240 1280 Venire
258 1253 324 1280 me
342 1240 583 1280 assimulabo
599 1255 608 1281 ε
640 1247 696 1290 tu,
715 1247 763 1280 ut
781 1241 1002 1282 subservias
1512 1244 1565 1281 20

92 1307 286 1357 Orationi,
306 1313 523 1362 utcumque
542 1323 641 1363 opus
661 1309 721 1358 sit,
743 1309 882 1349 verbis·
892 1309 994 1349 vide.

94 1373 182 1413 Mv.
221 1375 320 1428 Ego,
342 1375 439 1429 quid
455 1389 562 1429 agas,
583 1376 684 1415 nihil
701 1377 905 1429 intelligo:
937 1377 1017 1426 sed,
1040 1377 1072 1416 si
1093 1378 1189 1430 quid
1208 1383 1277 1426 est,

93 1439 212 1485 Quod
229 1454 322 1480 mea
339 1454 459 1494 opera
476 1455 575 1495 opus
596 1443 646 1481 sit
663 1443 787 1492 vobis,
808 1449 854 1483 ut
871 1449 915 1483 tu
933 1443 1023 1497 plus
1042 1443 1164 1492 vides,

95 1506 282 1557 Manebo,
303 1521 354 1548 ne
375 1508 481 1562 quod
499 1514 677 1548 vostrum
696 1523 872 1549 remorer
890 1510 1158 1549 commodum.

512 1690 690 1730 ACTUS
721 1691 796 1730 IV.
855 1691 1037 1731 SCENA
1069 1692 1143 1731 IV.

506 1808 720 1847 CHREMES.
780 1808 930 1848 MYsrs.
990 1809 1146 1848 DAvus.

96 1920 171 1960 Cn.
211 1916 416 1968 Revertor,
436 1924 647 1972 postquam
667 1932 758 1972 quae
778 1932 876 1971 opus
894 1919 1005 1959 fuere
1024 1919 1076 1959 ad
1095 1922 1253 1974 nuptias

93 1987 240 2027 Gnatae
259 1986 407 2040 paravi,
429 1991 475 2024 ut
488 1985 653 2038 jubeam
673 1986 817 2025 arcessi
834 2001 843 2026 :
875 1986 945 2025 sed
964 1987 1060 2040 quid
1078 1987 1154 2028 11οο
1170 1990 1186 2028 ?

93 2052 198 2092 Puer
214 2051 422 2091 hercle’st:
453 2050 607 2099 mulier,
629 2057 674 2090 tu
693 2051 911 2104 apposuisti
929 2051 1068 2092 hunc?
1152 2055 1239 2095 ΜΥ.
1280 2057 1360 2097 Ubi
1380 2058 1459 2099 illic
1478 2062 1566 2100 est?

93 2117 168 2157 Cn.
199 2117 294 2157 Non
312 2116 413 2156 mihi
431 2116 673 2170 respondes?
729 2116 817 2157 ΜΥ.
850 2118 1060 2172 Nusquam
1081 2125 1140 2159 est
1156 2135 1164 2159 :
1195 2135 1258 2161 vae
1277 2124 1433 2164 miserae
1452 2126 1563 2176 mihi,

94 2183 271 2238 Reliquit
289 2198 354 2224 me
372 2184 505 2234 homo,
528 2190 648 2238 atque
667 2185 775 2224 abiit.
862 2186 942 2225 DA.
982 2187 1037 2226 Di
1056 2194 1231 2229 vostram
1250 2190 1382 2240 fidem,

93 2251 202 2296 Quid
219 2251 346 2291 turbae
365 2250 473 2304 apud
491 2251 704 2291 forum’st?
732 2252 829 2305 quid
846 2253 927 2293 illic
946 2253 1156 2294 hominum
1176 2256 1366 2311 litigant?

94 2317 198 2357 Tum
217 2332 377 2358 annona
395 2319 559 2358 cara'st:
592 2318 688 2372 quid
706 2319 837 2359 dicam
857 2320 975 2370 aliud,
998 2323 1143 2363 nescio.

96 2385 182 2425 Mv.
224 2386 303 2426 Cur
321 2392 376 2435 tu,
398 2386 571 2435 obsecre,
591 2385 658 2426 hic
677 2400 742 2426 me
763 2387 919 2427 solam?
1002 2389 1082 2429 DA.
1124 2391 1232 2431 Hem
1250 2393 1260 2432 !
1292 2408 1381 2446 quae
1400 2395 1488 2436 haec
1508 2404 1567 2437 est

254 2452 389 2493 fabula
401 2453 417 2492 ’ἰ

96 2519 194 2569 Eho,
216 2519 357 2573 Mysis,
377 2533 478 2574 puer
495 2519 561 2559 1110
579 2520 687 2560 unde
709 2523 797 2561 est?
826 2522 963 2575 quisve
981 2523 1060 2564 huc
1081 2525 1242 2566 attulit?

97 2584 184 2625 ΜΥ.
223 2586 348 2625 Satiu’
369 2600 487 2625 sanus
510 2586 550 2635 ’S‚
573 2587 642 2640 qui
660 2601 725 2626 me
746 2587 787 2627 id
815 2589 991 2642 rogites?
1074 2591 1154 2632 DA.
1195 2594 1326 2639 Quem
1346 2609 1419 2649 ego
1448 2597 1569 2650 igitur

256 2665 393 2705 rogem
407 2653 423 2691 ’.Ρ
1518 2667 1568 2704 10

97 2717 177 2762 Qui
194 2717 259 2757 hic
279 2719 482 2758 neminem
503 2719 625 2759 alium
644 2720 815 2760 videam.
903 2723 977 2763 Cn.
1019 2724 1156 2773 Miror,
1178 2728 1285 2767 unde
1306 2729 1366 2768 sit.

98 2782 178 2822 DA.
200 2783 407 2824 Dicturan'
423 2786 530 2838 quod
543 2788 669 2839 rogo?
726 2787 813 2827 MY.
835 2789 914 2828 Au.
974 2790 1053 2830 DA.
1077 2792 1258 2833 Concede
1279 2795 1330 2834 ad
1349 2795 1562 2839 dexteram.

99 2849 187 2890 Mv.
227 2850 382 2891 Deliras
400 2867 407 2890 :
438 2866 519 2892 non
540 2859 622 2893 tute
642 2854 757 2906 ipse?
840 2856 920 2895 DA.
961 2857 1140 2897 Verbum
1160 2874 1285 2899 unum
1306 2861 1405 2901 mihi

802 2934 823 2959 c
843 2923 868 2959 2
