1670 3080
111 141 176 187 892
521 155 768 188 HEAUTON
804 153 1172 189 TIMORUMENOS

113 242 188 282 Cn.
229 241 270 280 Si
290 241 384 295 quid
402 241 557 290 laboris,
578 241 725 282 nollem
742 256 751 282 ε
781 242 850 282 sed
869 243 964 295 quid
982 243 1082 283 istuc
1101 242 1197 282 mali
1216 243 1306 282 est?
1515 244 1570 284 30

113 310 269 356 Quaeso,
292 308 387 361 quid
405 308 454 347 de
473 314 513 347 te
533 314 688 348 tantum
706 310 914 349 meruisti?
995 310 1082 349 ΜΕ.
1122 309 1237 349 Oie'il

114 376 189 414 Cn.
229 376 292 415 Ne
310 376 508 428 lacryma:
539 382 657 428 atque
675 376 787 425 istuc,
809 376 998 429 quicquid
1017 382 1086 425 est,
1106 377 1169 416 fac
1189 389 1254 415 me
1273 381 1319 416 ut
1336 375 1471 416 sciam.

113 443 177 482 Ne
197 443 315 482 retice
334 457 342 481 ε
372 456 422 482 ne
443 456 577 482 verere
595 457 604 482 :
634 443 748 482 crede
768 443 932 496 inquam
950 442 1072 482 mihi:
1506 442 1509 445 ’

115 510 199 548 Aut
219 509 459 549 consolando
477 514 546 549 aut
564 509 726 549 consilio
745 515 814 548 aut
830 523 873 548 re
887 509 1041 562 juvero.

115 576 201 615 ME.
242 577 349 615 Scire
370 575 445 615 hoc
464 576 553 615 vis?
636 577 711 615 Cn.
752 576 841 615 Hac
861 576 1023 628 quidem
1042 589 1172 624 causa,
1192 589 1272 629 qua
1289 575 1373 615 dixi
1390 575 1473 616 tibi.
1521 578 1572 615 35

115 643 201 682 ΜΕ.
242 643 418 682 Dicetur.
504 642 579 681 Cn.
618 642 676 681 At
693 642 787 681 istos
805 647 949 681 rastros
967 642 1119 682 interea
1136 647 1271 682 tamen

67 763 70 765 Β
116 711 297 763 Appone,
318 723 369 748 ne
388 709 533 748 labora.
619 708 705 748 Mn.
745 709 927 748 Minime.
1013 709 1088 747 Cn.
1129 708 1260 752 Quam
1278 721 1363 748 rem
1382 708 1496 760 agis?

115 778 202 817 ME.
238 778 330 817 Sine
349 791 425 825 me,
446 777 628 816 vacivom
646 781 804 829 tempus
822 789 874 815 ne
894 775 1000 828 quod
1018 774 1111 815 dem
1127 774 1228 815 mihi

115 845 289 884 Laboris.
376 844 450 882 Cn.
491 843 585 882 Non
618 842 758 890 sinam,
792 842 969 895 inquam.
1055 841 1140 880 ΜΕ.
1181 840 1274 880 Ah!
1305 853 1385 880 non
1418 854 1576 894 aequom

275 910 384 950 facis.

115 977 188 1015 Cn.
240 976 324 1014 Hui
340 976 349 1014 !
398 980 480 1014 tam
525 987 666 1027 graves
711 973 784 1013 hos
822 985 956 1026 quaeso
975 974 992 1011 ’ἱ
1103 973 1190 1012 ΜΕ.
1240 973 1303 1012 Sic
1340 971 1579 1012 meritum'ss:

274 1055 421 1081 meum.
1523 1040 1577 1076 40

114 1110 187 1148 Cn.
228 1109 347 1147 Nunc
366 1108 539 1160 loquere.
625 1107 711 1146 Mn.
752 1105 897 1145 Filium
916 1105 1080 1144 unicum
1099 1103 1442 1144 adulescentulum

115 1174 279 1214 Habeo:
310 1174 383 1213 ah!
415 1174 511 1226 quid
529 1173 641 1213 dixi?
668 1172 814 1211 habere
833 1172 928 1210 me?
954 1171 1079 1210 immo
1097 1170 1230 1219 habui,
1253 1170 1422 1210 Chreme
1439 1184 1449 1209 z

113 1242 232 1281 Nunc
277 1240 447 1280 habeam
493 1253 619 1279 necne
666 1238 924 1278 incertum'st.
1042 1237 1117 1276 Cu.
1195 1237 1303 1281 Quid
1347 1237 1404 1276 ita
1448 1236 1578 1277 isch

276 1308 361 1346 ME.
402 1307 520 1346 Scies.

114 1374 185 1414 Est
203 1387 224 1413 e
246 1374 432 1413 Corintho
451 1374 515 1412 hic
535 1372 689 1411 advena
707 1384 806 1411 anus
823 1370 1089 1424 paupercula}

114 1440 210 1494 Ejus
230 1440 353 1479 filiam
373 1440 438 1479 ille
458 1453 590 1479 amare
611 1439 733 1491 coepit
751 1437 959 1490 virginem,
1524 1439 1576 1477 45

113 1507 241 1560 Prope
254 1507 340 1560 jam
359 1512 404 1545 ut
422 1519 494 1559 pro
512 1519 635 1544 uxore
654 1505 843 1544 haberet:
872 1504 960 1544 haec
980 1503 1084 1544 clam
1103 1518 1168 1544 me
1187 1505 1332 1544 omnia.

112 1574 192 1613 Ubi
210 1588 295 1613 rem
314 1574 476 1622 rescivi;
508 1573 611 1626 coepi
629 1586 710 1612 non
729 1572 971 1621 humanitus,

113 1642 255 1694 Neque
274 1647 319 1680 ut
338 1641 515 1680 animum
536 1641 670 1680 decuit
688 1646 883 1694 aegrotum
902 1639 1200 1688 adulescentuli,

112 1709 311 1756 Tractare,
333 1709 402 1747 sed
421 1708 460 1747 vi
480 1713 520 1747 et
537 1708 602 1747 via
620 1707 850 1761 pervolgata
867 1713 1026 1760 patrum
1043 1721 1053 1745 τ

113 1776 297 1820 Quotidie
318 1777 574 1815 accusabam:
604 1775 725 1815 hem!
755 1774 879 1814 tibine
898 1773 986 1813 haec
1005 1773 1153 1813 diutius
1523 1775 1576 1812 50

114 1843 252 1882 Licere
273 1856 404 1895 speras
423 1843 552 1881 facere
571 1856 636 1881 me
656 1841 747 1880 vivo
766 1846 889 1894 patre,

114 1910 299 1949 Amicam
317 1915 362 1948 ut
380 1909 526 1948 habeas
544 1922 666 1961 prope
680 1908 767 1960 jam
786 1908 829 1947 in
847 1908 983 1947 uxoris
1000 1907 1116 1947 loco?

113 1977 242 2024 Erras,
265 1976 297 2014 si
316 1976 357 2015 id
376 1975 514 2023 credis,
538 1981 577 2014 et
595 1989 659 2014 me
679 1976 849 2027 ignoras,
874 1974 1014 2014 Clinia.

114 2043 199 2096 Ego
220 2049 258 2082 te
277 2056 412 2082 meum
433 2056 515 2081 esse
536 2042 615 2081 dici
634 2041 825 2094 tantisper
842 2041 944 2089 volo,

113 2111 223 2151 Dum
243 2110 349 2163 quod
368 2117 405 2149 te
425 2110 653 2162 dignum’st,
674 2108 818 2148 facies:
849 2108 918 2147 sed
937 2108 970 2147 si
988 2108 1030 2147 id
1048 2120 1128 2147 non
1148 2108 1257 2155 facis,
1525 2108 1578 2148 55

114 2178 213 2230 Ego,
236 2178 341 2229 quod
359 2191 423 2215 me
443 2177 484 2215 in
504 2181 542 2215 te
562 2176 613 2214 sit
630 2175 760 2214 facere
780 2174 958 2227 dignum,
979 2174 1181 2213 invenero.

115 2244 237 2284 Nulla
256 2244 354 2282 adeo
375 2257 425 2282 ex
443 2257 484 2281 re
503 2242 603 2281 istuc
623 2241 678 2290 fit,
699 2241 776 2280 nisi
795 2241 920 2280 nimio
940 2254 991 2280 ex
1009 2240 1101 2280 otio.

116 2311 202 2363 Ego
220 2311 319 2349 istuc
339 2310 466 2349 aetatis
484 2323 566 2348 non
585 2308 710 2348 amori
729 2321 890 2361 operam
910 2307 1067 2356 dabam,

118 2378 195 2417 Sed
213 2378 254 2416 in
278 2377 416 2416 Asiam
434 2376 528 2415 hinc
548 2376 626 2415 abii
645 2380 806 2428 propter
824 2374 1066 2427 pauperiem,
1089 2379 1206 2427 atque
1225 2373 1283 2413 ibi

118 2443 243 2483 Simu]
261 2457 345 2482 rem
366 2448 405 2482 et
422 2441 590 2494 gloriam
609 2441 728 2480 armis
747 2441 841 2480 belli
859 2441 1000 2494 reperi.
1527 2441 1580 2479 60

118 2513 322 2552 Postremo
342 2511 439 2550 adeo
458 2524 519 2550 res
538 2509 665 2558 rediit,
687 2509 1007 2549 adulescentulus

118 2581 232 2632 Saepe
253 2579 391 2618 eadem
411 2583 451 2617 et
469 2577 640 2630 graviter
658 2576 856 2616 audiendo
874 2576 1001 2615 victus
1022 2581 1080 2615 est
1096 2590 1104 2614 :

119 2646 290 2693 Putavit,
311 2659 375 2683 me
396 2650 436 2683 et
455 2649 570 2683 aetate
591 2649 631 2682 et
647 2642 926 2682 benevolentia

121 2712 216 2751 Plus
234 2712 332 2751 scire
352 2716 391 2749 et
409 2710 626 2763 providere,
649 2722 768 2762 quam
788 2722 828 2747 se
846 2708 978 2761 ipsum
997 2708 1071 2747 sibi
1088 2723 1097 2747 ε

123 2779 173 2818 In
192 2778 332 2817 Asiam
350 2777 402 2816 ad
418 2790 554 2830 regem
573 2775 786 2814 militatum
806 2775 912 2824 abiit,
936 2775 1116 2815 Chreme.
1528 2775 1579 2814 65

122 2845 197 2884 Cn.
232 2843 339 2889 Quid
357 2844 442 2884 ais?
516 2843 603 2882 ΜΕ.
639 2842 752 2883 Clam
770 2856 835 2882 me
855 2847 913 2882 est
931 2843 1129 2895 profectus
1144 2857 1154 2882 ε
1169 2854 1340 2888 ,menses
1358 2846 1437 2881 tres
1455 2841 1578 2881 abest.
