1670 3080
489 311 667 353 ACTUS
697 312 772 353 IV.
831 313 1012 353 SCENA
1042 313 1126 354 ΙΙΙ.

618 416 781 455 Chium.
840 416 987 456 Snus.

77 519 148 560 01..
183 517 306 560 Nulla
323 518 423 558 mihi
442 533 505 559 res
523 518 686 572 posthac
705 523 835 572 potest
847 518 934 571 jam
953 518 1194 558 intervenire
1214 523 1336 568 tanta,

77 586 179 631 Quae
198 585 255 625 mi
272 585 551 638 aegritudinem
571 585 722 624 adferat
738 599 746 624 :
778 590 889 624 tanta
906 584 994 624 haec
1013 585 1152 624 laetitia
1171 585 1309 625 oborta
1327 590 1398 625 est.

77 653 193 693 Dedo
211 653 315 706 patri
333 667 399 692 me
418 666 526 693 nunc
544 654 637 701 iam,
660 657 704 691 ut
720 652 911 705 frugalior
930 652 1017 701 sim,
1039 666 1160 705 quam
1179 651 1273 691 volt.

0 750 1 753 ,
78 718 145 757 Sr.
186 718 256 758 Nil
273 732 339 758 me
357 718 520 758 fefellit:
553 718 712 771 cognita
731 723 802 766 est,
825 724 1020 771 quantum
1040 718 1158 758 audio
1177 718 1296 771 hujus
1315 718 1448 758 verba.

79 784 188 824 Istuc
207 784 279 824 tibi
298 798 349 824 ex
367 784 563 824 sententia
581 789 650 823 tua
669 783 854 836 obtigisse
874 783 999 823 laetor.
1520 785 1543 822 5

79 851 149 891 C1..
190 853 226 892 Ο
246 852 303 891 mi
323 853 433 904 Syre,
454 851 598 892 audisti
626 851 817 891 obsecro?
901 851 968 890 SY.
1009 850 1190 896 Quidni?
1217 850 1286 903 qui
1313 863 1438 904 usque
1466 863 1548 890 una

241 919 450 959 adfuerim.

12 996 16 999 ·
79 984 149 1025 Cr..
208 984 403 1038 Cuiquam
449 998 563 1038 aeque
609 983 755 1024 audisti
810 984 1018 1024 commode
1075 983 1289 1038 quicquam
1344 983 1549 1024 evenisse?

244 1052 311 1090 Sr.
351 1050 476 1090 Nulli.

80 1116 150 1157 Cr..
190 1117 324 1170 Atque
344 1117 401 1156 ita
418 1130 483 1156 me
504 1116 560 1156 Di
578 1122 726 1166 ament,
747 1121 793 1156 ut
811 1130 886 1170 ego
905 1130 1013 1157 nunc
1032 1130 1114 1156 non
1133 1122 1216 1157 tam
1235 1121 1394 1170 meapte
1415 1130 1533 1156 causa

82 1182 229 1232 Laetor,
251 1197 372 1237 quam
391 1182 520 1223 illius:
551 1196 672 1235 quam
692 1196 767 1235 ego
786 1183 866 1222 scio
887 1196 970 1222 esse
989 1182 1140 1223 honore
1160 1183 1299 1236 quovis
1319 1182 1495 1236 dignam.

80 1250 148 1290 Sr.
188 1250 253 1290 Ita
271 1251 388 1290 credo
405 1265 414 1290 ε
445 1250 515 1290 sed
532 1264 653 1299 nunc,
677 1250 816 1298 Clinia,
839 1264 925 1303 age,
948 1250 999 1290 da
1017 1256 1056 1290 te
1075 1250 1176 1290 mihi
1195 1250 1387 1290 vicissim:
1502 1252 1551 1287 10

80 1315 189 1355 Nam
208 1315 327 1355 amici
346 1329 502 1369 quoque
522 1329 596 1364 res,
619 1321 678 1355 est
695 1315 925 1365 videndum,
946 1316 988 1355 in
1008 1321 1094 1355 tuto
1112 1321 1158 1355 ut
1177 1315 1415 1356 collocetur:

82 1380 148 1420 Ne
168 1380 265 1433 quid
283 1381 332 1420 de
352 1381 481 1420 amica
497 1394 606 1420 nunc
626 1394 760 1420 senex.
838 1382 907 1420 CL.
949 1383 985 1421 O
1006 1382 1175 1435 Jupiter.
1262 1382 1329 1421 SY.
1370 1381 1550 1426 Quiesce.

84 1447 154 1486 Cr..
193 1446 406 1500 Antiphila
422 1460 514 1486 mea
532 1447 658 1486 nubet
675 1447 786 1486 mihi.
874 1448 941 1487 SY.
982 1447 1135 1487 Siccine
1154 1448 1211 1487 mi
1229 1447 1527 1500 interloquere?

84 1514 155 1553 Cn.
195 1513 302 1558 Quid
319 1513 465 1553 faciam
479 1513 501 1552 2·
532 1513 629 1566 Syre
649 1513 717 1562 mi,
737 1512 919 1565 gaudeo:
949 1512 1010 1552 fer
1028 1527 1105 1554 me.
1193 1514 1259 1553 SY.
1300 1513 1401 1553 Fero
1419 1513 1552 1553 hercle

247 1593 356 1619 vero.

83 1645 153 1686 Cr..
195 1646 374 1686 Deorum
402 1645 526 1686 vitam
555 1645 639 1700 apti
667 1659 815 1687 sumus.
901 1646 968 1686 Sr.
1009 1647 1172 1687 Frustra
1201 1661 1375 1702 operam,
1401 1647 1551 1701 opinor,

247 1725 374 1751 sumo.
1500 1716 1552 1754 -15

83 1778 153 1818 C1..
194 1777 376 1830 Loquere
392 1792 402 1818 t
433 1778 562 1818 audio.
637 1780 704 1818 SY.
744 1780 802 1819 At
814 1779 901 1833 jam
920 1779 997 1820 hoc
1015 1793 1097 1820 non
1117 1794 1223 1834 ages.
1303 1780 1373 1820 Cr..
1407 1780 1551 1833 Agam-

246 1844 313 1884 SY.
353 1843 584 1884 Videndum
605 1852 675 1894 est,
696 1845 873 1898 inquam,
1516 1841 1518 1843 ’

87 1908 219 1948 Amici
238 1922 395 1962 quoque
415 1923 488 1958 res,
513 1909 653 1958 Clinia,
676 1910 734 1949 tui
753 1910 796 1949 in
816 1916 902 1950 tuto
921 1915 966 1950 ut
985 1910 1209 1952 collocetur.

82 1975 191 2015 Nam
210 1975 243 2014 si
262 1989 369 2015 nunc
389 1989 414 2015 a
431 1975 544 2015 nobis
563 1976 660 2025 abis,
683 1982 724 2015 et
743 1976 986 2016 Bacchidem
1003 1977 1069 2017 hic
1088 1977 1291 2031 relinquis»,

83 2039 229 2080 Noster
248 2040 435 2080 resciscet
451 2040 569 2090 illico,
593 2055 676 2081 esse
697 2042 867 2082 amicam
885 2042 991 2082 hanc
1013 2043 1251 2097 Clitiphonis
1268 2057 1277 2083 ε

82 2106 124 2145 Si
143 2105 366 2155 abduxeris,
388 2105 589 2156 celabitur,
610 2107 750 2147 itidem
768 2114 815 2147 ut
833 2108 961 2149 celata
980 2109 1110 2150 adhuc
1131 2115 1200 2150 est.
1503 2113 1555 2149 20

83 2172 152 2212 Cr..
192 2172 250 2212 At
268 2171 376 2212 enim
394 2172 492 2212 istoc
513 2172 614 2212 nihil
633 2179 693 2213 est
711 2175 852 2227 magis,
876 2176 986 2229 Syre,
1007 2176 1107 2216 meis
1126 2175 1276 2230 nuptiis
1296 2176 1510 2216 advorsum
1528 2191 1536 2215 z

82 2240 190 2280 Nam
210 2253 288 2293 quo
307 2253 374 2280 ore
395 2240 604 2294 appellabo
622 2243 800 2295 patrem?
819 2248 942 2293 tenes,
965 2243 1062 2297 quid
1079 2244 1238 2284 dicam?
1285 2245 1351 2284 SY.
1374 2244 1557 2289 Quidni?

82 2307 152 2348 C1..
191 2307 299 2353 Quid
331 2308 491 2348 dicam?
537 2322 658 2362 quam
695 2324 858 2350 causam
896 2312 1105 2352 adferam?
1198 2313 1265 2352 SY.
1315 2312 1424 2357 Quin
1463 2312 1555 2352 nolo

245 2375 465 2415 mentiare:

84 2443 246 2496 Aperte,
266 2443 323 2483 ita
340 2448 386 2484 ut
404 2457 466 2483 res
486 2457 571 2484 sese
585 2444 716 2495 habet,
733 2452 904 2486 narrato.
955 2447 1024 2487 CL.
1047 2448 1156 2493 Quid
1175 2449 1260 2488 ais?
1309 2449 1376 2488 SY.
1399 2449 1424 2489 J
1427 2449 1528 2488 ubeo
1547 2463 1554 2487 :

84 2509 202 2550 Illam
221 2515 260 2551 te
279 2524 426 2561 amare,
447 2516 488 2550 et
505 2511 607 2552 velle
627 2527 795 2553 uxorem
811 2528 820 2553 :
849 2513 955 2554 hanc
975 2529 1059 2555 esse
1080 2516 1334 2570 Clitiphonis.
1504 2518 1555 2555 25

85 2576 155 2617 01..
194 2578 350 2618 Bonam
369 2584 487 2632 atque
500 2579 652 2633 justam
671 2594 757 2620 rem
777 2582 923 2635 oppido
942 2582 1125 2636 imperas,
1148 2589 1188 2622 et
1205 2584 1315 2623 factu
1333 2583 1504 2624 facilem.

86 2645 140 2686 Et
157 2646 306 2688 scilicet
316 2648 404 2701 jam
423 2663 488 2688 me
507 2649 584 2688 hoc
604 2649 712 2690 voles
730 2656 886 2704 patrem
906 2665 1080 2701 exorare,
1101 2657 1147 2691 ut
1165 2651 1268 2692 celet

88 2715 232 2756 senem
257 2718 464 2757 vostrum?
548 2718 615 2757 SY.
665 2719 797 2759 Immo
827 2724 872 2759 ut
903 2725 1013 2760 recta
1040 2719 1107 2760 via
1135 2733 1220 2760 rem
1253 2725 1388 2760 narret
1416 2719 1552 2759 ordine

248 2798 421 2824 omnem.
507 2786 577 2825 Cn.
618 2786 751 2827 Hem!

92 2850 214 2891 Satin’
234 2865 353 2893 sanus
372 2866 425 2902 es,
447 2858 517 2893 aut
535 2854 716 2894 sobrius?
744 2860 788 2895 tu
807 2855 969 2908 quidem
988 2854 1103 2895 illum
1122 2854 1241 2908 plane
1260 2853 1392 2907 prodis
1409 2868 1418 2893 ε
