1670 3080
539 133 696 166 Ac'rns
723 132 790 164 1v.
860 131 1024 163 scENA
1060 132 1128 163 ιν.
1509 118 1559 166 6]

115 219 187 260 ΡΥ.
226 219 408 267 Videam,
429 219 601 267 obsecro,
624 219 774 271 quem?
856 218 932 257 Pa.
971 218 1095 257 Hunc
1115 217 1276 258 scilicet.
1365 219 1432 259 ΡΥ.
1473 221 1571 265 Quis

272 285 338 326 hic
356 291 415 326 est
431 285 550 325 homo
565 286 581 325 ’ἓ

114 352 190 393 Pu.
229 353 308 398 Qui
326 353 379 393 ad
398 367 466 393 vos
485 353 675 393 deductus
693 352 873 392 hodie'st.
958 352 1031 390 ΡΥ.
1073 351 1194 391 Hunc
1215 351 1338 391 oculis
1357 352 1437 391 suis
1523 356 1572 391 10

114 419 350 459 Nostrarum
368 434 575 473 nunquam
595 420 804 473 quisquam
823 419 933 467 vidit,
956 418 1151 458 Phaedria.

118 485 191 524 Pu.
227 485 320 524 Non
338 485 464 524 vidit?
521 486 592 525 ΡΥ.
628 487 696 525 An
711 492 754 525 tu
771 486 878 524 hunc
899 485 1097 525 credidisti
1117 499 1213 534 esse,
1235 486 1409 535 obsecro,

114 551 183 591 Ad
217 565 290 591 nos
326 552 567 591 deductum?
677 552 754 591 ΡΗ.
811 552 997 604 Namque
1034 551 1157 591 alium
1194 551 1317 591 habui
1354 551 1571 591 neminem.

276 618 349 657 ΡΥ.
388 619 456 657 Au
472 618 481 657 !

115 682 179 724 Ne
199 684 487 737 comparandus
505 684 570 724 hic
589 684 750 737 quidem
770 684 821 723 ad
835 683 998 723 illum'st
1015 698 1023 723 :
1053 684 1119 724 ille
1140 691 1225 724 erat

115 750 300 790 Honesta
316 751 417 790 facie
437 757 478 790 et
493 750 657 790 liberali.
742 750 819 789 Pu.
859 750 923 789 Ita
942 750 1048 789 visus
1067 756 1127 789 est
1526 754 1573 790 15

114 819 292 867 Dudum,
315 819 408 871 quia
425 819 535 858 varia
552 824 660 858 veste
682 823 897 858 exornatus
916 818 1014 856 fuit:

115 885 236 925 Nunc
257 899 303 924 eo
322 885 477 925 videtur
494 885 635 933 foedus,
658 884 751 937 quia
768 883 878 924 illam
897 898 979 923 non
997 884 1130 924 habet.

116 951 188 990 ΡΥ.
227 951 343 1000 Tace,
365 952 525 991 obsecro
542 966 551 990 ε
581 951 694 1004 quasi
713 964 805 990 vero
824 950 988 1004 paulum
1007 950 1196 990 intersiet.

115 1017 183 1057 Ad
202 1031 274 1058 nos
293 1018 484 1058 deductus
502 1018 618 1058 hodie
640 1024 700 1058 est
718 1017 1048 1067 adulescentulus,

115 1085 246 1130 Quem
264 1091 309 1125 tu
326 1086 460 1126 videre
478 1099 572 1126 vero
591 1085 724 1134 velles,
747 1085 943 1125 Phaedria.
1525 1088 1579 1125 20

116 1152 197 1192 Hic
212 1158 272 1191 est
289 1152 427 1201 vietus,
448 1158 571 1201 vetus,
593 1158 822 1192 veternosus
841 1166 975 1202 senex,

117 1219 255 1260 Colore
273 1220 509 1260 mustellino.
595 1220 670 1259 Pa.
711 1220 831 1269 Hem,
854 1234 943 1272 quae
962 1220 1051 1260 haec
1071 1226 1130 1260 est
1147 1219 1310 1260 fabula?

116 1287 176 1327 Eo
193 1288 348 1340 rediges
365 1302 443 1336 me,
463 1293 519 1336 ut,
542 1287 638 1340 quid
656 1288 821 1327 emerim
842 1293 1010 1340 egomet,
1031 1287 1220 1327 nesciam.

117 1353 204 1393 Eho
223 1354 292 1394 tu!
323 1354 442 1393 emin’
463 1367 537 1406 ego
557 1354 625 1397 teZ
708 1354 787 1392 Do.
827 1354 981 1393 Emisti.
1066 1354 1138 1393 ΡΥ.
1179 1354 1296 1402 Jube,
1318 1354 1374 1393 mi
1393 1353 1525 1394 denuo

117 1419 383 1472 Respondeat.
441 1419 517 1458 ΡΗ.
556 1419 682 1472 Roga.
740 1420 812 1458 ΡΥ.
852 1419 1010 1459 Venisti
1027 1419 1144 1460 hodie
1164 1419 1216 1460 ad
1233 1421 1335 1459 nos?
1363 1425 1495 1472 negat.
1525 1421 1576 1459 25

117 1486 176 1525 At
192 1485 258 1525 ille
277 1485 376 1525 alter
395 1486 505 1525 venit
522 1492 638 1525 natus
657 1499 782 1525 annos
801 1486 974 1526 sedecim
991 1500 999 1524 ε

118 1554 250 1598 Quem
268 1566 402 1592 secum
421 1552 587 1592 adduxit
606 1553 814 1592 Parmeno.
900 1553 977 1592 ΡΗ.
1019 1552 1216 1605 Agedum,
1237 1552 1313 1592 hoc
1333 1553 1389 1592 mi
1408 1553 1551 1606 expedi

118 1619 322 1659 Primum:
352 1619 480 1668 istam,
503 1633 623 1672 quam
641 1619 774 1667 habes,
795 1618 902 1658 unde
922 1618 1043 1658 habes
1063 1619 1241 1658 vestem?
1269 1620 1405 1659 taces?

119 1685 346 1725 Monstrum
364 1685 536 1724 hominis
554 1686 562 1724 Ξ
593 1699 674 1724 non
694 1685 930 1724 dicturus's?
985 1685 1064 1724 Do.
1105 1686 1228 1724 Venit
1248 1686 1424 1725 Chaerea.

119 1754 195 1793 Pa.
245 1753 434 1792 Fraterne
452 1753 468 1791 ’ἶ
568 1753 647 1791 Do.
698 1753 773 1792 Ita.
875 1753 951 1791 Pu.
1001 1753 1200 1797 Quando?
1301 1753 1379 1792 Do.
1430 1753 1576 1793 Hodie.

282 1819 358 1858 Pu.
397 1819 528 1863 Quam
548 1818 728 1857 dudum?
810 1819 889 1857 Do.
930 1818 1065 1857 Modo.
1527 1822 1580 1858 30

121 1885 196 1925 ΡΗ.
244 1884 446 1929 Quicum?
528 1885 606 1923 Do.
656 1885 756 1923 Cum
796 1885 1056 1924 Parmenone.
1144 1884 1219 1924 Pu.
1270 1885 1450 1925 Norasne
1487 1899 1579 1925 eum

309 1951 418 1990 rius?

121 2017 199 2057 Do.
238 1965 344 2057 Ngn.
428 2017 504 2056 Pu.
543 2016 661 2056 Unde
679 2017 843 2056 fratrem
862 2031 997 2057 meum
1018 2031 1101 2058 esse
1121 2017 1276 2058 scibas?
1359 2019 1436 2058 Do.
1486 2020 1580 2059 Par-

280 2098 400 2125 meno

122 2151 291 2192 Dicebat
308 2164 400 2190 eum
419 2163 502 2188 esse
519 2163 527 2187 :
557 2148 590 2187 is
608 2148 666 2187 mi
683 2148 787 2188 hanc
808 2148 917 2187 dedit
935 2155 1099 2188 vestem.
1185 2149 1260 2189 ΡΗ.
1302 2150 1452 2190 Occidi.

121 2219 200 2258 Do.
240 2218 378 2257 Meam
392 2217 476 2269 ipse
495 2215 624 2254 induit
640 2229 649 2254 ε
678 2220 767 2268 post
784 2229 866 2254 una
884 2215 1001 2254 ambo
1020 2215 1204 2255 abierunt
1221 2216 1336 2256 foras.

122 2284 194 2324 ΡΥ.
235 2284 261 2323 J
263 2297 329 2322 am
348 2282 441 2322 satis
460 2281 585 2322 credis
603 2281 773 2320 sobriam
793 2294 876 2319 esse
895 2294 972 2328 me,
994 2286 1034 2319 et
1052 2280 1109 2319 nil
1126 2281 1336 2320 mentitam
1356 2281 1456 2320 tibi?
1529 2283 1579 2320 35

125 2351 150 2391 J
153 2365 218 2391 am
245 2350 339 2390 satis
366 2349 578 2397 certum’st,
606 2348 802 2401 virginem
826 2348 1006 2387 vitiatam
1032 2348 1145 2387 esse?
1228 2348 1304 2387 Pa.
1344 2349 1434 2401 Age
1459 2361 1578 2396 nunc,

282 2415 425 2464 bellua,

123 2483 259 2522 Credis
293 2482 398 2530 huic,
438 2481 545 2535 quod
581 2481 715 2521 dicat?
798 2481 871 2520 ΡΥ.
920 2481 1028 2525 Quid
1063 2480 1128 2520 isti
1166 2481 1355 2521 credam?
1399 2495 1461 2521 res
1498 2482 1582 2534 ipsa

283 2548 444 2588 indicat.

126 2616 202 2655 ΡΒ.
224 2614 406 2654 Concede
422 2614 521 2653 istuc
535 2613 742 2666 paululum
759 2627 768 2652 :
790 2612 952 2652 audin’?
970 2613 1091 2653 etiam
1103 2627 1210 2652 nunc
1225 2613 1389 2666 paulum
1406 2627 1414 2652 :
1437 2619 1497 2652 sat
1511 2619 1580 2652 est.

127 2683 203 2722 Dic
222 2683 317 2721 dum
334 2681 410 2720 hoc
428 2694 584 2720 rursum
601 2694 609 2718 :
641 2679 806 2720 Chaerea
825 2684 935 2718 tuam
954 2685 1105 2718 vestem
1124 2679 1295 2718 detraxit
1315 2679 1414 2718 tibi?

128 2749 206 2788 Do.
237 2748 414 2788 Factum.
471 2747 548 2786 Pu.
578 2733 632 2786 Et
650 2760 739 2785 eam
758 2751 816 2785 est
833 2746 1024 2785 indutus?
1079 2746 1158 2785 Do.
1190 2746 1367 2785 Factum.
1426 2746 1501 2784 Pu.
1532 2746 1584 2784 Et

289 2827 360 2867 pro
379 2818 417 2852 te
435 2812 514 2852 huc
534 2811 803 2851 deductus'st?
886 2811 965 2850 Do.
1007 2811 1081 2850 Ita.
1530 2814 1583 2850 40
