1670 3080
476 246 653 287 ACTUS
683 246 767 287 111.
826 245 1008 286 SCENA
1038 244 1097 286 II.

568 349 715 388 Simus.
788 348 1001 387 CHREMES.

55 452 122 493 δι’.
162 451 258 491 Hac
270 450 361 491 illac
381 450 645 490 circumcursa
662 464 670 489 :
700 449 988 489 inveniendum
1007 454 1067 488 est
1084 455 1219 489 tamen

53 519 279 570 Argentum
294 532 305 566 ;
334 517 580 556 intendenda
597 516 639 555 in
659 530 797 555 senem
817 522 876 555 est
893 516 1062 556 fallacia.

54 586 131 626 Cn.
169 584 279 624 Num
298 597 363 624 me
380 583 530 632 fefellit,
551 583 669 623 hosce
688 583 730 622 id
748 584 924 623 struere?
951 583 1137 624 videlicet

54 650 128 691 Ille
149 650 292 690 Clinia‘i
310 663 444 690 servus
463 649 784 698 tardiusculus'st,

55 716 209 757 Idcirco
226 716 319 756 huic
339 722 472 755 nostro
492 716 685 756 tradita’st
702 716 916 770 provincia.
1488 721 1512 759 5

54 783 121 822 Sy,
161 783 260 828 Quis
278 782 344 822 hic
363 782 563 835 loquitur?
589 782 713 836 perii:
744 796 939 822 numnam
957 781 1045 822 haec
1065 781 1245 822 audivit?
1300 783 1376 822 Cn.
1405 783 1516 836 Syre.

218 850 285 888 ΒΥ.
326 849 448 888 Hem.

55 917 130 956 Cn.
169 916 276 961 Quid
295 921 338 955 tu
356 916 472 955 istic?
555 915 622 954 SY.
662 916 785 955 Recte
804 929 812 953 :
843 914 1028 968 equidem
1047 919 1086 954 te
1106 914 1288 964 demiror,
1311 915 1496 966 Chreme,

53 983 154 1023 Tam
173 996 304 1031 mane,
326 982 394 1035 qui
410 982 498 1021 heri
517 987 673 1022 tantum
691 982 848 1021 biberis.
934 982 1010 1022 Cn.
1050 981 1120 1021 Nil
1138 982 1269 1022 nimis.

55 1050 121 1089 Sr.
160 1049 241 1098 Nil,
262 1050 427 1088 narras?
454 1049 538 1088 visa
556 1048 710 1096 vero’st‚
733 1048 839 1101 quod
857 1048 935 1087 dici
955 1048 1064 1096 solet,

54 1115 214 1169 Aquilae
233 1121 424 1155 senectus.
510 1115 585 1154 Cu.
625 1115 699 1154 Eia
714 1115 723 1153 !
810 1116 877 1172 Sy.
917 1114 1066 1154 Mulier
1085 1116 1295 1156 commoda
1313 1122 1353 1156 et
1465 1119 1517 1156 10

56 1181 201 1221 Faceta
218 1180 305 1220 haec
323 1180 522 1220 meretrix.
608 1181 682 1219 Cn.
722 1180 825 1219 Sane
845 1179 953 1220 idem
972 1180 1056 1219 visa
1074 1186 1134 1220 est
1151 1181 1263 1221 mihi.

57 1247 123 1286 SY.
163 1247 216 1286 Et
233 1246 393 1299 quidem
411 1246 543 1286 hercle
562 1246 691 1285 forma
708 1246 922 1286 luculenta.
1009 1248 1084 1286 CH.
1126 1248 1189 1287 Sic
1210 1249 1318 1289 satis.

57 1314 124 1353 Sr.
165 1314 229 1352 Ita
246 1326 327 1352 non
346 1318 392 1352 ut
410 1313 515 1361 olim,
538 1312 607 1352 sed
623 1313 683 1352 uti
701 1326 820 1362 nunc,
842 1327 936 1352 sane
955 1313 1083 1353 bona:

58 1379 306 1432 Minimeque
323 1380 456 1426 miror,
479 1379 607 1418 Clinia
624 1379 729 1419 hanc
748 1380 780 1418 si
799 1380 974 1433 deperit:

59 1446 137 1485 Sed
154 1445 274 1485 habet
291 1451 443 1498 patrem
463 1446 662 1498 quendam
681 1445 854 1494 avidum,
875 1446 1064 1486 miserum
1084 1452 1202 1500 atque
1222 1447 1388 1497 aridum,
1470 1453 1516 1489 15

58 1513 248 1552 Vicinum
266 1512 373 1551 hunc
390 1526 398 1550 :
428 1511 600 1551 nostin’?
627 1517 668 1551 at
687 1512 798 1564 quasi
816 1512 849 1551 is
868 1525 948 1552 non
969 1513 1115 1553 divitiis

58 1580 260 1629 Abundet,
281 1585 425 1632 gnatus
444 1579 527 1631 ejus
546 1579 721 1632 profugit
738 1579 883 1632 inopia.

59 1646 154 1696 Scis,
176 1661 260 1686 esse
277 1646 438 1695 factum,
458 1652 504 1685 ut
522 1646 640 1686 dico?
723 1646 798 1685 Ca.
839 1646 946 1690 Quid
964 1660 1038 1699 ego
1057 1647 1099 1686 ni
1118 1648 1269 1688 sciam?

60 1714 279 1754 Hominem
298 1713 463 1766 pistrino
482 1713 661 1765 dignum.
733 1713 799 1751 SY.
831 1712 988 1756 Quem?
1057 1714 1132 1753 Cn.
1163 1714 1301 1754 Istunc
1322 1715 1520 1756 servolum

59 1781 162 1821 Dico
181 1780 496 1820 adulescentis—
552 1781 618 1819 SY.
659 1780 767 1832 Syre,
789 1780 860 1819 tibi
879 1780 995 1819 timui
1013 1780 1129 1820 male.
1467 1786 1521 1822 20

60 1848 135 1887 Cu.
175 1847 255 1892 Qui
272 1860 410 1899 passus
429 1852 498 1894 est,
519 1845 560 1885 id
579 1845 676 1884 fieri.
762 1846 828 1884 Sr.
868 1847 972 1890 Quid
991 1846 1165 1887 faceret?
1247 1848 1322 1888 Cn.
1362 1849 1522 1902 Rogas?
1598 1879 1601 1882 -

61 1913 228 1965 Aliquid
246 1913 447 1965 reperiret,
468 1912 637 1964 fingeret
653 1911 842 1959 fallacias,

59 1981 178 2021 Unde
198 1986 301 2020 esset
319 1979 572 2028 adulescenti,
593 1979 732 2018 amicae
753 1980 858 2032 quod
877 1981 999 2030 daret,

60 2049 195 2102 Atque
211 2047 320 2087 hune
339 2047 540 2087 difficilem
558 2046 729 2086 invitum
748 2053 921 2087 servaret
938 2062 1088 2089 senem.

62 2117 129 2156 Sr.
169 2115 317 2155 Garris.
403 2115 477 2153 Cu.
517 2113 620 2153 Haec
639 2114 744 2153 facta
762 2115 812 2153 ab
830 2113 898 2153 illo
918 2117 1133 2167 oportebat,
1157 2116 1266 2169 Syre.
1468 2121 1519 2159 25

64 2183 130 2222 SY.
169 2182 258 2222 Eho
277 2196 410 2235 quaeso
427 2182 576 2230 laudas,
599 2181 666 2234 qui
683 2181 800 2220 heros
818 2181 991 2221 fallunt?
1075 2183 1150 2223 Cn.
1191 2183 1241 2223 In
1259 2183 1347 2225 loco

65 2251 151 2302 Ego
169 2263 263 2290 vero
281 2249 411 2289 laudo.
496 2250 562 2288 SY.
601 2249 726 2288 Recte
746 2262 852 2288 sane.
939 2249 1013 2289 Cn.
1054 2250 1211 2305 Quippe
1232 2252 1300 2305 qui

65 2317 306 2370 Magnarum
325 2330 429 2369 saepe
448 2316 491 2355 id
507 2315 728 2355 remedium
747 2315 1029 2367 aegritudinum
1049 2322 1130 2357 est:

66 2385 92 2425 J
94 2399 159 2425 am
176 2384 269 2424 huic
288 2383 496 2423 mansisset
512 2383 654 2422 unicus
672 2387 815 2435 gnatus
834 2383 953 2423 domi.

67 2451 134 2490 ΒΥ.
168 2450 194 2491 J
197 2450 308 2490 ocon’
329 2462 381 2488 an
400 2449 499 2488 serio
517 2448 583 2488 ille
601 2448 689 2488 haec
709 2449 814 2488 dicat
832 2449 989 2498 nescio;
1470 2455 1523 2493 30

0 2536 1 2550 ÷
67 2515 157 2556 Nisi
173 2516 272 2556 mihi
292 2515 451 2569 quidem
471 2514 582 2554 addit
599 2515 790 2562 animum,
812 2528 890 2566 quo
908 2514 1043 2554 lubeat
1060 2516 1199 2568 magis.

71 2581 144 2622 Cn.
183 2581 237 2620 Et
254 2595 360 2620 nunc
381 2580 475 2633 quid
494 2584 706 2632 exspectat,
730 2580 855 2631 Syre?
882 2593 934 2618 an
954 2580 1049 2619 dum
1068 2580 1162 2621 hinc
1182 2581 1312 2621 denuo

60 2648 212 2703 jAbeat,
233 2661 323 2687 cum
342 2647 508 2686 tolerare
526 2646 631 2685 illius
651 2651 802 2685 sumtus
821 2659 901 2684 non
921 2648 1069 2699 queat?

47 2751 49 2755 Α
65 2713 216 2772 ἑΝοῐιῐιε·
235 2715 286 2754 ad
303 2728 439 2754 senem
458 2713 631 2766 aliquam
649 2713 837 2752 fabricam
858 2712 1002 2765 fingit?
1085 2713 1151 2752 Sr.
1192 2714 1363 2754 Stolidus
1382 2721 1452 2755 est.

42 2778 148 2819 fon.
186 2779 244 2819 At
260 2785 299 2819 te
319 2779 494 2831 adjutare
515 2783 669 2831 oportet
686 2778 970 2818 adulescentuli
1473 2782 1525 2820 35

75 2844 211 2886 Causa.
295 2847 360 2885 Sr.
401 2845 532 2884 Facile
552 2845 734 2897 equidem
753 2845 883 2885 facere
901 2858 1074 2898 possum,
1095 2845 1127 2884 si
1140 2844 1257 2898 jubes
1274 2859 1283 2885 :
