1670 3080
126 131 188 175 84
518 149 764 182 HEAUTON
800 151 1184 186 TIMORUMENos.

125 231 199 270 Cu.
241 231 491 282 Mmedeme,
512 239 553 273 at
569 248 686 287 porro
706 243 812 276 recte
833 251 957 290 spero,
979 244 1018 278 et
1036 238 1148 278 illum
1167 238 1239 278 tibi

124 297 280 337 Salvom
301 299 528 340 adfuturum
549 316 631 341 esse
651 302 715 342 hic
735 304 892 343 confido
910 305 1150 357 propediem.

123 364 208 404 ΜΕ.
230 365 393 405 Utinam
412 367 468 405 ita
486 367 541 406 Di
554 368 694 408 faxint.
752 370 827 408 Cn.
850 370 1034 409 Facient:
1056 383 1163 409 nunc
1184 369 1216 409 si
1236 374 1294 409 est
1313 369 1576 417 commodum,

121 431 315 484 Dionysia
332 433 396 472 hic
417 439 509 472 sunt
526 434 644 474 hodie
661 449 670 474 :
701 436 807 488 apud
820 449 885 475 me
906 437 957 475 sis
976 435 1077 475 volo.
1501 438 1578 475 110
1631 482 1634 489 Ι

122 497 208 536 ΜΕ.
248 499 341 537 Non
359 513 532 552 possum.
605 501 679 539 Cn.
721 502 800 540 Cur
818 502 926 541 non?
954 515 1087 554 quaeso
1107 502 1269 542 tandem
1289 501 1576 556 aliquantulum

119 561 209 601 Tibi
227 576 342 615 parce
360 577 368 601 :
398 563 505 602 idem
525 564 666 603 absens
685 565 813 604 facere
829 571 867 604 te
886 565 962 605 hoc
981 566 1065 605 volt
1082 565 1198 606 filius.

119 625 205 665 ΜΕ.
245 627 338 666 Non
359 629 554 677 convenit,
576 629 644 681 qui
662 629 775 669 illum
794 630 845 670 ad
862 630 1039 670 laborem
1057 630 1305 683 impesserim,

117 692 157 730 N
160 706 236 732 unc
257 707 320 731 me
341 693 470 746 ipsum
489 695 638 747 fugere.
724 696 798 735 Cn.
839 696 992 735 Siccine
1012 702 1071 735 est
1089 696 1306 736 sententia?

117 758 203 798 ΜΕ.
236 760 311 799 Sic.
370 760 444 799 Cn.
477 761 584 800 Bene
605 761 704 800 vale.
763 762 850 801 ΜΕ.
881 763 933 802 Et
952 769 1006 802 tu.
1065 763 1140 802 Cn.
1171 763 1388 816 Lacrymas
1405 764 1576 803 excussit

276 825 386 874 mihi,
1498 830 1512 867 1
1524 830 1572 868 15

117 891 358 946 Miseretque
378 907 442 932 me
462 894 545 946 ejus
563 908 571 932 :
602 893 671 932 sed
690 899 734 933 ut
753 894 830 933 diei
849 900 1006 947 tempus
1025 900 1094 943 est,

114 959 288 1011 Tempus
306 960 352 998 ’st
370 973 530 999 monere
550 974 613 999 me
633 960 738 999 hunc
758 961 934 1000 vicinum
956 960 1162 1009 Phaniam,

112 1026 179 1065 Ad
198 1040 353 1065 coenam
373 1032 418 1065 ut
437 1028 593 1065 veniat:
623 1027 699 1075 ibo,
721 1027 845 1066 visam
865 1027 897 1066 si
916 1027 1023 1066 domi
1043 1033 1110 1066 est.

112 1092 225 1131 Nihil
244 1106 340 1145 opus
359 1093 433 1132 fuit
450 1093 643 1132 monitore
661 1107 669 1131 ε
695 1093 781 1145 jam
801 1093 950 1132 dudum
970 1092 1077 1132 domi

111 1158 259 1198 Praesto
279 1159 385 1212 apud
403 1173 466 1198 me
487 1173 570 1198 esse
590 1159 701 1199 aiunt
718 1174 726 1198 :
758 1164 916 1211 egomet
934 1159 1122 1198 convivas
1142 1171 1282 1198 moror.
1491 1161 1569 1198 120

112 1224 184 1263 Ibo
203 1224 301 1264 adeo
320 1225 412 1264 hinc
432 1225 536 1263 intro
554 1239 561 1263 :
593 1225 662 1264 sed
681 1225 776 1277 quid
795 1230 1035 1277 crepuerunt
1053 1225 1158 1263 fores

112 1290 219 1330 Hinc
239 1304 262 1330 a
281 1291 375 1329 me?
403 1291 583 1344 quisnam
604 1290 828 1343 egreditur?
855 1290 934 1329 huc
955 1303 1199 1330 concessero.

552 1494 728 1534 ACTUS
760 1495 792 1533 1.
851 1494 1031 1535 SCENA
1062 1491 1119 1534 ΙΙ.

594 1596 808 1634 Cmrlrno.
867 1595 1080 1634 CHREMES.

106 1702 174 1740 Cr..
215 1698 327 1739 Nihil
346 1698 474 1738 adhuc
500 1703 568 1747 est,
597 1698 703 1751 quod
722 1710 892 1743 vereare,
924 1696 1077 1736 Clinia:
1106 1695 1421 1752 haudquaquam·
1445 1696 1564 1736 etiam

266 1771 443 1805 cessant:

105 1834 156 1872 Et
174 1833 283 1872 illam
303 1831 420 1872 simul
439 1845 530 1871 cum
549 1831 689 1871 nuntio
709 1831 780 1870 tibi
799 1830 1026 1870 adfuturam
1044 1829 1162 1869 hodie
1182 1829 1274 1869 scio.

103 1902 222 1941 Proin
242 1907 285 1940 tu
304 1899 593 1939 solicitudinem
611 1898 727 1937 istam
746 1897 899 1945 falsam,
921 1910 1011 1948 quae
1031 1902 1069 1935 te
1090 1896 1301 1945 excruciat,
1322 1896 1466 1935 mittas.

103 1969 176 2007 Cn.
217 1967 389 2011 Quicum
407 1965 579 2017 loquitur
598 1964 731 2002 filius?

103 2036 171 2074 CL.
203 2035 320 2073 Pater
339 2033 458 2080 adest,
480 2044 598 2084 quem
617 2030 749 2069 volui:
780 2029 920 2068 adibo:
950 2034 1074 2080 pater,
1096 2033 1315 2081 opportune
1334 2028 1507 2068 advenis.
1535 2031 1559 2068 5

103 2103 176 2142 Cu.
234 2101 341 2146 Quid
365 2100 407 2139 id
435 2099 522 2138 est?
605 2098 674 2136 CL.
715 2096 837 2134 Hunc
872 2095 1158 2135 Menedemum
1187 2093 1345 2142 nostin’‚
1381 2100 1560 2134 nostrum

261 2166 467 2207 vicinum?
550 2165 623 2203 CH.
663 2163 803 2203 Probe.

103 2237 170 2275 Οι.
196 2235 304 2275 Huic
323 2234 450 2273 filium
469 2232 544 2272 scis
563 2231 673 2270 esse?
729 2229 803 2268 CH.
827 2227 976 2267 Audivi
996 2241 1104 2268 esse:
1135 2229 1177 2267 in
1198 2228 1306 2268 Asia.
1365 2228 1434 2267 CL.
1465 2228 1559 2267 Non

262 2308 332 2350 est,
383 2306 466 2340 ater
482 2314 491 2338 :

102 2370 223 2423 Apud
260 2383 332 2409 nos
353 2315 439 2407 Iest.
525 2367 599 2405 Cn.
639 2364 745 2409 Quid
781 2364 864 2404 ais?
947 2364 1015 2403 CL.
1058 2364 1367 2412 Advenientem,
1407 2377 1428 2402 e
1465 2363 1559 2402 navi

263 2435 543 2489 egredientem,
564 2432 670 2472 illico

101 2503 262 2543 Abduxi
283 2502 334 2541 ad
353 2513 531 2540 coenam:
561 2512 656 2537 nam
674 2497 773 2537 mihi
792 2510 881 2536 cum
903 2510 949 2535 eo
963 2497 1048 2548 jam
1067 2496 1160 2535 inde
1179 2509 1302 2549 usque
1322 2509 1346 2535 a
1363 2495 1532 2548 pueritia

102 2570 194 2609 Fuit
213 2581 368 2620 semper
386 2565 643 2605 familiaritas.
702 2563 776 2602 Cn.
799 2561 1056 2614 Voluptatem
1075 2574 1265 2614 magnam
1284 2561 1456 2601 nuntias.
1507 2562 1557 2599 10

101 2638 230 2681 Quam
251 2634 393 2673 vellem
415 2630 700 2671 Menedemum
719 2628 940 2675 invitatum,
956 2633 1002 2666 ut
1019 2627 1224 2666 nobiscum
1245 2631 1346 2666 esset
1363 2625 1555 2678 amplius:

100 2703 156 2741 Ut
174 2701 277 2740 hanc
296 2698 474 2739 laetitiam
494 2710 568 2736 nec
588 2694 766 2749 opinanti
783 2693 934 2747 primus
953 2693 1164 2745 objicerem
1184 2692 1221 2732 ei
1239 2692 1358 2731 domi.

100 2770 232 2821 Atque
263 2766 382 2806 etiam
407 2778 514 2804 nunc
542 2768 699 2815 tempus
725 2766 794 2801 est.
852 2760 920 2799 CL.
961 2760 1066 2799 Cave
1095 2760 1221 2808 faxis;
1251 2772 1332 2798 non
1358 2771 1456 2811 opus
1484 2763 1553 2800 est,

260 2838 383 2886 pater.
