1670 3080
115 121 212 167 180
743 135 969 167 HECYRA.

110 217 217 256 Pin.
257 215 476 255 Manedum
515 215 628 255 sodes
646 229 654 250 t
697 225 829 261 timeo,
864 228 915 254 ne
953 213 1063 254 aliud
1099 215 1269 262 credam,
1309 220 1428 268 atque
1465 212 1574 255 al'md

267 284 437 322 nunties.

107 350 208 389 PAR.
249 350 409 389 Maneo.
482 349 587 389 ΡΛΜ.
611 348 673 388 Sic
694 353 732 388 te
751 347 843 388 dixe
864 348 1013 401 opinor,
1035 347 1235 387 invenisse·
1254 346 1518 400 Myrrhinam,
1547 348 1573 386 5
1591 382 1595 385 ⁴

107 417 348 457 Bacchidem
369 430 483 456 suum
505 416 697 455 annulum
717 415 876 455 habere.
935 415 1035 454 Pin.
1067 414 1246 454 Factum.
1318 414 1435 454 Pius
1455 413 1579 462 Eum,

273 497 392 536 quem
413 483 506 522 olim
528 483 564 521 ei
583 482 697 522 dedit

108 551 245 604 anue
264 551 339 589 hoc
361 550 460 589 mihi
478 555 516 589 te
536 551 718 590 nuntiare
732 550 851 603 jussit
867 564 875 588 :
906 549 1013 589 itane
1033 554 1093 588 est
1110 549 1290 589 factum?
1363 548 1466 590 Pan.
1499 547 1573 595 lta,

269 618 447 670 inquam.

109 683 216 722 ΡΑΜ.
257 683 355 726 Quis
374 696 439 721 me
461 688 521 721 est
538 682 804 721 fortunatior?
831 681 1128 733 venustatisque
1148 680 1249 720 adeo
1265 679 1451 734 plenior?

109 750 248 802 Egone
268 763 340 802 pro
359 748 436 788 hoc
457 755 494 787 te
514 749 656 788 nuntio
676 749 772 801 quid
791 749 967 787 donem?
995 747 1121 800 quid?
1149 746 1274 799 quid?
1300 745 1448 786 nescio.

110 816 211 856 PAR.
252 817 309 855 At
329 830 403 868 ego
423 816 514 855 scio.
601 816 707 855 ΡΑΜ.
748 815 884 859 Quid?
968 815 1069 853 PAR.
1108 813 1224 853 Nihil
1242 813 1350 852 enim
1367 827 1376 852 ε
1527 814 1577 851 10
1611 815 1614 818 ”

110 883 219 922 Nam
238 896 368 936 neque
388 883 430 921 in
450 882 602 930 nuntio,
624 895 754 934 neque
774 881 816 920 in
837 895 902 920 me
922 880 1020 933 ipso,
1042 880 1113 919 tibi
1133 879 1229 919 boni
1249 878 1346 932 quid
1363 878 1425 927 sit,
1446 877 1539 918 seio.

111 950 217 990 Pm.
260 949 386 1002 Egon'
413 955 463 997 te,
504 948 572 1000 qui
609 949 659 987 ab
697 961 787 987 orco
824 952 1025 986 mortuum
1058 959 1123 985 me
1156 946 1344 985 reducem
1373 944 1417 984 in
1446 940 1578 984 lucem

273 1016 425 1064 feceris,

112 1085 248 1125 Sinam
268 1085 352 1124 sine
371 1095 538 1123 munere
558 1095 582 1122 a
600 1096 665 1122 me
685 1082 820 1122 abire?
848 1081 919 1120 ah!
941 1080 1110 1120 nimium
1129 1093 1194 1119 me
1213 1079 1415 1133 ingratum
1433 1084 1562 1132 putas.

111 1150 190 1189 Sed
210 1150 463 1198 Bacchidem,
487 1164 634 1199 eccam,
657 1148 774 1189 video
794 1154 895 1187 stare
916 1152 1007 1187 ante
1027 1147 1196 1186 ostium:

111 1217 183 1256 Me
204 1222 416 1270 exspectat,
439 1217 581 1256 credo:
612 1216 740 1256 adibo.
799 1215 873 1271 Ba.
915 1215 1042 1263 Salve,
1066 1213 1286 1267 Pamphile.
1502 1218 1505 1220 ’
1527 1214 1576 1252 15

112 1285 218 1324 PAM.
260 1285 296 1323 Ο
317 1283 483 1323 Bacchis
501 1284 509 1322 !
543 1284 579 1322 Ο
598 1297 690 1322 mea
709 1283 901 1322 Bacchis!
934 1282 1127 1322 servatrix
1145 1281 1259 1321 mea!

113 1351 187 1390 BA.
211 1352 320 1390 Bene
338 1351 489 1390 factum
504 1365 515 1399 3
547 1356 587 1389 et
604 1350 811 1404 volupe'st.
898 1350 1005 1388 PAM.
1037 1349 1179 1395 Factis,
1199 1354 1246 1388 ut
1265 1348 1438 1397 credam,
1458 1347 1576 1388 facis:

113 1418 413 1470 Antiquamque
433 1417 531 1456 adeo
552 1423 662 1456 tuam
682 1422 931 1456 venustatem
951 1417 1116 1465 obtines,

112 1485 169 1523 Ut
188 1485 381 1537 voluptati
401 1484 541 1532 obitus,
565 1497 705 1532 sermo,
728 1483 868 1522 affatus
888 1489 990 1531 tuus,
1013 1495 1264 1536 quocumque
1283 1482 1504 1531 adveneris,

114 1552 279 1604 Semper
297 1550 358 1589 sit.
382 1594 385 1597 Δ
416 1550 490 1589 ΒΛ.
523 1550 585 1589 Ac
605 1555 649 1588 tu
669 1555 820 1589 ecastor
837 1563 990 1590 morem
1010 1549 1215 1603 antiquom
1235 1555 1353 1603 atque
1371 1549 1578 1603 ingenium

276 1616 440 1664 obtines,
1055 1648 1057 1650 .
1525 1618 1579 1656 20

113 1683 170 1722 Ut
187 1696 290 1722 unus
310 1683 489 1722 omnium
507 1682 629 1721 homo
648 1688 686 1721 te
706 1683 815 1722 vivat
832 1695 1030 1736 nusquam
1049 1681 1257 1735 quisquam
1275 1681 1470 1722 blandior.

114 1751 221 1789 PAM.
257 1750 337 1798 Ha,
358 1749 423 1798 ha,
445 1750 519 1789 he!
551 1750 636 1790 tun’
655 1750 712 1789 mi
730 1750 861 1790 istuc?
927 1750 1001 1789 ΒΑ.
1042 1750 1167 1789 Recte
1186 1749 1340 1798 amasti,
1358 1748 1578 1803 Pamphile,
1638 1738 1663 1751 ⁷

276 1830 442 1856 uxorem
462 1823 571 1856 tuam
587 1831 595 1856 :
1662 1855 1665 1859 .

109 1883 225 1923 Nam
250 1897 459 1936 nunquam
486 1890 578 1923 ante
604 1884 711 1923 hunc
735 1884 841 1924 diem
866 1884 966 1924 meis
995 1883 1118 1924 oculis
1151 1897 1252 1934 eam,
1273 1883 1381 1938 quod
1407 1897 1578 1932 nossem,
1661 1935 1666 1944 ,

277 1949 478 1988 videram:

117 2015 367 2055 Perliberalis
387 2016 531 2055 visa'st.
604 2016 710 2055 PAM.
750 2017 827 2056 Dic
847 2030 997 2056 verum.
1074 2018 1149 2057 BA.
1190 2018 1255 2057 Ita
1271 2031 1337 2058 me
1358 2018 1413 2058 Di
1431 2023 1579 2067 ament,

281 2082 502 2134 Pamphile.

119 2149 225 2188 PAM.
257 2148 333 2187 Dic
348 2148 416 2197 mi,
437 2148 579 2188 harum
598 2162 731 2188 rerum
750 2162 848 2188 num
869 2149 964 2203 quid
983 2149 1082 2189 dixti
1097 2150 1183 2203 jam
1203 2150 1337 2203 patri?
1391 2151 1451 2191 BA
1497 2150 1580 2191 Nil.

284 2216 391 2254 PAM.
432 2216 574 2268 Neque
594 2230 692 2269 opus
712 2221 772 2255 est
1528 2221 1581 2258 25
1640 2223 1644 2259 ζ
1656 2246 1669 2276 3

119 2282 235 2323 Adeo
254 2283 414 2322 muttito
431 2297 439 2322 ε
469 2283 611 2336 placet,
632 2283 741 2322 haud
760 2283 846 2323 fieri
863 2283 939 2323 hoc
958 2283 1108 2333 itidem,
1128 2290 1175 2324 ut
1191 2285 1234 2324 in
1254 2285 1471 2333 comoediis,

121 2350 268 2389 Omnia
288 2363 424 2389 omnes
442 2350 511 2389 ubi
530 2350 744 2389 resciscunt
760 2364 768 2389 :
798 2350 875 2399 hie,
897 2364 995 2403 quos
1014 2350 1144 2390 fuerat
1162 2365 1235 2403 par
1251 2351 1473 2401 resciscere,
1640 2404 1643 2406 Ι

122 2417 285 2455 Sciunt:
317 2429 414 2468 quos
433 2429 514 2456 non
534 2421 667 2456 autem
695 2417 904 2469 aequom'st
929 2417 1039 2466 scire,
1061 2431 1191 2472 neque
1216 2418 1430 2459 resciscent
1451 2431 1582 2472 neque
1636 2435 1644 2454 ι
1666 2409 1669 2446 s

282 2483 419 2523 scient.
1056 2488 1058 2490 ’

122 2551 196 2589 ΒΑ.
237 2550 369 2589 Immo
388 2550 519 2599 etiam,
541 2550 610 2603 qui
627 2550 703 2590 hoc
723 2551 922 2591 occultum
942 2552 990 2592 iri
1008 2554 1163 2593 facilius
1182 2554 1331 2603 credas,
1352 2553 1467 2594 dab0.
1628 2575 1649 2602 ‚q

123 2616 334 2669 Myrrhina
352 2616 408 2655 ita
428 2616 624 2670 Phidippo
643 2617 754 2666 dixit,
769 2618 851 2672 juri
864 2619 1037 2672 jurando
1056 2635 1147 2660 meo
1464 2656 1471 2661 ,
1530 2623 1584 2661 30
1652 2635 1654 2639 ’

123 2683 173 2722 Se
202 2682 322 2722 fidem
354 2683 549 2732 habuisse,
580 2690 621 2723 et
644 2691 853 2738 propterea
879 2692 917 2726 te
945 2688 1019 2728 sibi
1045 2693 1270 2742 purgatum.
1355 2688 1462 2728 Pau.
1501 2690 1585 2730 Or·-
1626 2709 1630 2718 ³

284 2749 469 2789 tume’st:

125 2817 339 2870 Speroque,
360 2816 464 2856 hanc
483 2831 568 2857 rem
588 2832 671 2859 esse
690 2825 920 2860 eventuram
941 2821 1053 2861 nobis
1073 2835 1124 2861 ex
1143 2821 1350 2862 sententia.
