1670 3080
474 123 633 156 Ac‘rus
659 122 705 153 V.
776 120 942 152 SCENA
976 119 1024 149 v.
1398 99 1496 148 118

26 213 103 256 Cn.
141 213 201 254 At
217 225 304 266 ego,
326 211 359 251 si
377 224 442 250 me
461 209 618 257 metuis,
639 220 770 247 mores
790 219 886 246 cave
905 218 949 244 1n
969 210 1007 243 te
1029 217 1113 243 esse
1133 203 1229 242 istos
1249 203 1431 242 sentiam.

25 279 95 319 C1..
135 278 270 324 Quos?
353 278 428 317 Cu.
471 276 512 316 Si
545 275 643 315 scire
673 274 744 323 vis,
777 287 851 326 ego
881 272 1011 311 dicam
1030 286 1038 310 :
1067 284 1196 324 gerru,
1227 270 1344 319 iners,
1374 270 1494 318 fraus,

185 344 331 394 helluo,
1312 336 1316 339 ’
1446 339 1497 376 10

26 407 182 462 Ganeo,
203 412 418 452 damnosus
435 425 444 450 τ
475 410 603 458 crede,
626 414 665 449 et
683 413 863 448 nostrum
883 412 922 446 te
943 420 1027 446 esse
1048 405 1209 446 credito.

25 481 94 521 Cn.
134 480 230 520 Non
260 484 354 519 sunt
375 479 463 518 haec
496 476 673 531 parentis
699 475 817 515 dicta.
904 474 978 513 Cn.
1020 473 1125 520 Non,
1155 472 1188 512 si
1217 485 1268 512 ex
1290 471 1419 525 capite
1445 471 1498 510 sis

186 559 276 586 meo
587 586 590 590 ,
1487 544 1489 546 ’

24 614 165 663 Natus,
186 613 283 653 item
302 617 348 652 ut
366 612 480 652 aiunt
500 611 729 650 Minervam
750 623 834 648 esse
856 622 908 648 ex
928 608 1042 656 Jove,
1065 621 1112 647 ea
1131 620 1251 646 causa
1269 605 1398 659 magis

23 680 168 730 Patiar,
191 680 377 734 Clitipho,
397 679 558 732 flagitiis
578 678 656 717 tuis
674 690 740 716 me
761 676 953 715 infamem
972 674 1072 714 fieri.

24 748 89 787 80.
130 747 186 787 Di
212 747 324 787 istaec
351 746 601 800 prohibeant.
688 744 763 783 Cn.
804 743 913 782 Deos
932 741 1094 781 nescio:
1126 754 1200 793 ego
1221 738 1328 792 quod
1346 744 1495 792 potero,

185 814 334 854 sedulo.
1447 808 1496 845 15

23 882 179 927 Quaeris
198 882 250 930 id,
275 881 381 935 quod
398 880 533 929 habes,
554 884 766 933 parentes:
798 877 904 931 quod
923 877 1044 924 abest,
1067 889 1149 915 non
1170 874 1326 928 quaeris,
1348 874 1453 928 patri

23 950 113 995 Quo
132 949 252 988 modo
270 949 499 1001 obsequare,
522 952 562 985 et
581 959 725 993 serves,
748 944 855 998 quod
873 943 1007 983 labore
1028 942 1238 982 invenerit.

21 1015 121 1055 Ten’
140 1015 198 1055 mi
216 1028 288 1068 per
305 1013 482 1053 fallacias
503 1012 699 1052 adducere
721 1016 813 1050 ante
834 1009 995 1049 oculos?
1022 1008 1148 1062 pudet

22 1083 167 1124 Dicere
187 1082 262 1123 hac
281 1088 478 1136 praesente
498 1082 665 1121 verbum
684 1086 798 1133 turpe
815 1094 823 1120 :
854 1085 896 1119 at
914 1086 953 1118 te
971 1079 1013 1118 id
1031 1078 1142 1118 nullo
1161 1077 1280 1118 modo

24 1151 170 1192 Facere
206 1150 360 1204 puduit.
447 1149 504 1188 C1.
557 1147 673 1188 Eheu
689 1147 698 1186 Ξ
748 1160 870 1200 quam
909 1147 983 1199 eg'o
1020 1159 1128 1185 nunc
1166 1150 1272 1184 totus
1309 1141 1498 1196 displiceo

185 1217 296 1266 mihi,
408 1236 410 1238 v
1446 1211 1499 1248 20

24 1287 155 1331 Quam
177 1285 322 1339 pudet!
346 1298 485 1337 neque,
508 1282 613 1336 quod
633 1281 876 1336 principium
895 1280 1052 1333 capiam
1066 1279 1118 1320 ad
1131 1275 1387 1333 placandum,
1404 1276 1496 1316 scio.

470 1489 647 1528 ACTUS
679 1489 729 1528 V.
789 1489 972 1529 SCENA
1002 1489 1052 1529 V.

195 1598 482 1638 MENEDEMUS.
543 1597 757 1636 CHREMES.
817 1596 1035 1635 CL1T1PHO.
1095 1596 1323 1636 Sos‘rRATA.

25 1706 112 1746 ΜΕ.
153 1705 369 1746 Enimvero
390 1703 581 1743 Chremes
600 1703 720 1742 nimis
738 1703 914 1756 graviter
934 1704 1085 1743 cruciat
1103 1703 1458 1752 adulescentulum,

23 1773 235 1827 Nimisque
255 1772 473 1812 inhumane
492 1786 500 1811 :
531 1785 630 1811 exeo
650 1785 756 1824 erg0‚
777 1776 822 1811 ut
840 1785 983 1824 pacem
1003 1771 1214 1811 conciliem
1231 1759 1249 1810 :i
1271 1778 1434 1825 optume

24 1841 138 1895 Ipsos
157 1841 285 1880 video.
372 1841 447 1880 CH.
488 1839 630 1888 Ehem,
654 1839 908 1886 Menedeme,
931 1852 1002 1878 cur
1020 1852 1103 1878 non
1123 1839 1266 1879 arcessi
1279 1839 1397 1893 jubes

25 1908 180 1957 Filiam,
202 1914 242 1948 et
261 1907 366 1962 quod
384 1907 486 1948 dotis
506 1907 600 1955 dixi,
623 1906 788 1945 firmas?
845 1906 910 1944 So.
951 1905 1014 1944 Mi
1034 1906 1105 1954 vir,
1127 1911 1166 1945 te
1186 1906 1358 1954 obsecro,

23 1977 88 2017 Ne
106 1977 240 2016 facias.
318 1976 387 2015 CL.
428 1975 557 2023 Pater,
580 1974 742 2013 obsecro
760 1973 817 2012 mi
836 1973 1030 2026 ignoscas.
1107 1973 1195 2013 Mn.
1235 1973 1301 2013 Da
1319 1973 1492 2022 veniam,

186 2042 383 2082 Chreme:
1471 2041 1494 2077 5

24 2111 116 2151 Sine
144 2117 182 2150 te
205 2114 383 2150 exorent»
469 2109 544 2148 Cn.
586 2107 715 2160 Egon‘
734 2120 825 2147 mea
853 2107 960 2146 bona
987 2109 1045 2146 ut‘
1060 2106 1152 2146 dem
1176 2106 1367 2147 Bacchidi
1390 2106 1495 2146 dono

184 2177 312 2216 sciens
324 2176 340 2216 ’ἒ

22 2243 117 2284 Nun
135 2243 293 2284 faciam.
366 2242 454 2282 ΜΕ.
493 2242 552 2281 At
569 2254 642 2280 nos
662 2253 743 2279 non
763 2253 951 2279 smemus.
1011 2239 1081 2278 CL.
1122 2239 1162 2279 Si
1182 2253 1247 2279 me
1266 2240 1400 2280 vivom
1420 2241 1491 2288 vis,

181 2316 306 2364 pater,

24 2377 203 2431 Ignosce.
289 2378 355 2416 So.
395 2378 498 2430 Age,
532 2376 722 2416 Chremes
750 2375 818 2415 mi.
906 2375 993 2415 Mn.
1033 2376 1136 2428 Age,
1159 2389 1305 2430 quaeso,
1333 2389 1385 2416 ne
1411 2381 1494 2415 tam

182 2445 350 2485 obfirma
368 2450 419 2494 te,
442 2445 624 2484 Chreme.

23 2511 98 2550 Cn.
138 2511 245 2556 Quid
262 2511 380 2551 istic?
398 2511 526 2560 video,
548 2525 629 2551 non
649 2511 781 2561 licere,
802 2518 847 2551 ut
867 2525 1079 2565 coeperam,
1100 2510 1177 2551 hoc
1196 2510 1447 2564 pertendere.

23 2577 110 2617 ΜΕ.
150 2578 275 2627 Facis,
302 2584 349 2618 ut
369 2584 408 2618 te
438 2578 564 2617 decet.
652 2579 727 2618 Cn.
768 2579 828 2618 Ea
855 2578 945 2631 lege
970 2578 1047 2617 hoc
1078 2579 1177 2618 adeo
1195 2578 1368 2618 faciam:
1400 2578 1432 2617 si
1452 2578 1494 2617 id

183 2643 289 2692 facit,
1443 2646 1492 2683 10

24 2708 141 2755 Quod
155 2723 229 2763 ego
242 2709 350 2750 hunc
365 2724 524 2764 aequom
536 2725 691 2751 censeo.
751 2712 820 2751 CL.
844 2712 972 2760 Pater,
994 2712 1129 2752 omnia
1142 2711 1287 2752 faciam
1302 2726 1310 2751 :
1327 2712 1491 2764 impera.

2 2812 4 2815 ,
25 2775 100 2816 Cn.
132 2777 307 2817 Uxorem
324 2783 370 2816 ut
389 2778 522 2818 ducas.
581 2779 650 2818 CL.
683 2779 812 2818 Pater,
871 2779 946 2818 Cu.
986 2778 1100 2818 Nihil
1119 2778 1249 2818 audio.
1308 2778 1394 2817 Ma.
1428 2777 1494 2816 Ad

184 2856 250 2884 me
268 2843 438 2898 recipio;
