1670 3080
155 166 251 212 122
781 183 1023 215 ADELPHI.

155 270 266 309 Leno
295 284 368 323 ego
397 284 497 310 sum.
583 271 669 310 AES.
710 272 811 311 Scio.
898 272 964 311 SA.
1005 271 1062 310 At
1090 271 1158 319 ita,
1181 275 1227 310 ut
1250 283 1420 324 usquam
1442 271 1519 311 fuit
1542 269 1623 311 fide

315 338 524 390 quisquam
545 344 720 391 optuma.

152 402 214 441 Tu
234 403 340 455 quod
359 409 396 441 te
417 404 609 456 posterius
629 418 785 457 purges,
806 404 942 443 hanc
931 403 1118 457 mjuriam
1137 403 1237 443 mihi
1255 386 1361 444 nolle

154 469 316 508 Factam
355 484 450 518 esse,
491 470 608 523 hujus
645 485 726 510 non
763 471 933 511 faciam:
985 472 1101 511 crede
1140 471 1230 520 hoc,
1269 484 1345 524 ego
1382 484 1519 511 meum
1551 470 1621 524 jus

313 550 552 590 persequar:

154 601 297 654 Neque
318 608 361 641 tu
380 603 509 642 verbis
529 603 655 642 solves
675 618 864 657 unquam,
887 604 993 657 quod
1011 604 1068 643 mi
1086 618 1129 643 re
1148 604 1407 645 malefeceris.
1571 606 1622 646 10

152 667 258 706 Novi
278 682 351 720 ego
371 675 501 707 vestra
527 669 627 718 haec,
661 673 684 692 ‘⁴
701 669 860 709 Nollem
880 670 1044 719 factum,
1069 670 1351 723 jusjurandum
1379 670 1550 719 dabitur,
1581 675 1621 709 te

312 735 523 788 indignum

153 801 249 840 Esse
268 801 412 855 injuria
430 802 505 842 hac
519 802 557 852 ;”
586 802 761 855 indignis
781 816 872 841 cum
894 807 1053 854 egomet
1071 802 1146 841 sim
1166 807 1354 855 acceptus
1371 801 1511 842 modis.

151 869 237 908 AEs.
277 870 357 908 Abi
377 884 459 922 prae
480 875 636 909 strenue
652 885 662 919 ;
694 884 740 909 ac
759 870 886 909 forem
906 868 1027 922 aperi.
1113 869 1180 908 SA.
1221 869 1409 908 Ceterum
1427 867 1503 908 hoc
1522 868 1624 908 nihil

313 936 423 975 facis.

152 1003 236 1041 AEs.
278 1003 297 1041 I
318 1003 422 1041 intro
442 1017 548 1042 nunc
567 1005 662 1042 iam.
728 1003 794 1042 SA.
827 1003 883 1041 At
903 1002 1011 1042 enim
1030 1015 1112 1041 non
1131 1001 1272 1040 sinam.
1338 1001 1424 1041 AEs.
1457 1001 1618 1042 Accede

311 1067 417 1117 illuc,
440 1068 661 1108 Parmeno:
680 1079 691 1089 ‘

151 1133 334 1172 Nimium
354 1134 451 1173 istoc-
471 1135 586 1174 abisti
603 1149 612 1173 :
641 1134 706 1173 hic
726 1138 888 1187 propter
906 1132 1014 1172 hunc
1033 1132 1179 1172 adsiste
1195 1147 1204 1172 :
1233 1131 1340 1180 hem,
1362 1132 1417 1172 sic
1436 1131 1539 1172 volo.
1571 1134 1619 1172 15

151 1200 256 1238 Cave
276 1213 382 1238 nunc
397 1199 494 1253 jam,
517 1200 652 1239 oculos
671 1214 696 1239 a
714 1199 812 1238 meis
832 1198 955 1238 oculis
975 1212 1176 1253 quoquam
1196 1198 1407 1238 demoveas
1427 1203 1515 1238 tuos
1533 1212 1541 1237 :

152 1267 214 1305 Ne
234 1281 346 1306 mora
365 1267 426 1316 sit,
448 1268 480 1306 si
499 1267 711 1315 innuerim,
734 1267 830 1319 quin
849 1280 1008 1319 pugnus
1028 1267 1216 1306 continuo
1234 1266 1278 1306 in
1297 1265 1404 1306 mala
1422 1266 1584 1306 haereat.

151 1335 216 1373 SA.
277 1334 383 1373 Istuc
430 1334 519 1373 volo
567 1348 661 1386 ergo
708 1333 838 1387 ipsum
886 1333 1068 1386 experiri.
1163 1333 1257 1373 'AEs.
1313 1333 1436 1382 Hem,
1486 1346 1614 1373 serva.

313 1401 413 1440 PAR.
454 1402 604 1442 Omitte
625 1401 848 1440 mulierem.

152 1468 219 1507 SA.
270 1468 306 1507 O
352 1468 507 1507 facinus
553 1467 850 1507 miserandum!
946 1466 1032 1505 AEs.
1074 1465 1318 1514 Geminabit,
1365 1465 1443 1505 nisi
1489 1479 1618 1506 caves.
1668 1472 1670 1474 ’

312 1535 378 1574 SA.
419 1535 500 1573 Hei
518 1534 743 1574 miseriam!

148 1601 233 1640 AEs.
283 1601 376 1640 Non
413 1601 646 1640 innueram.
638 1616 646 1624 ·
696 1614 835 1640 verum
872 1600 915 1639 in
952 1599 1069 1639 istam
1101 1605 1257 1653 partem
1289 1599 1420 1652 potius
1449 1605 1616 1654 peccato
1668 1636 1670 1642 .

310 1674 459 1708 tamen.
1559 1669 1612 1707 20

149 1735 167 1773 I
190 1748 295 1774 nunc
314 1737 407 1774 i'am.
485 1736 551 1774 SA.
591 1734 699 1779 Quid
716 1733 792 1774 hoc
811 1734 868 1774 rei
889 1739 971 1774 est.
960 1735 976 1763 7
1002 1747 1236 1787 regnumne,
1258 1733 1462 1783 AEschine,
1483 1733 1550 1774 hic
1569 1739 1613 1774 tu

309 1800 514 1852 possides?

148 1868 233 1906 AEs.
274 1867 314 1905 Si
333 1867 587 1920 possiderem,
610 1872 771 1906 ornatus
792 1881 895 1906 esses
915 1881 965 1906 ex
984 1867 1061 1906 tuis
1081 1867 1306 1907 virtutibus.

147 1935 213 1974 SA.
254 1935 360 1978 Quid
388 1934 459 1973 tibi
483 1934 540 1973 rei
568 1935 807 1973 mecum’st?
889 1935 975 1973 AES.
1016 1934 1098 1973 Nil.
1142 1964 1149 1967 -
1185 1935 1252 1974 SA.
1293 1934 1428 1979 Quid?
1455 1934 1617 1984 nostin'‚

309 2000 376 2053 qui
396 2001 497 2039 sim?
579 2000 666 2039 AES.
708 2000 802 2039 Non
822 2000 1015 2040 desidero.

148 2069 214 2107 SA.
236 2067 408 2120 Tetigin’
426 2067 483 2106 tui
500 2067 743 2120 quicquam?
799 2067 885 2106 AEs.
909 2067 949 2105 Si
970 2067 1176 2119 attigisses,
1198 2067 1322 2107 ferres
1339 2067 1616 2108 infortunium.
1665 2090 1668 2095 ·

148 2135 214 2174 SA.
254 2135 334 2179 Qui
362 2134 433 2173 tibi
461 2147 594 2172 meam
617 2133 745 2186 magis
775 2133 868 2172 licet
900 2132 1059 2182 habere,
1090 2147 1162 2186 pro
1189 2147 1268 2186 qua
1302 2147 1377 2188 ego
1405 2140 1616 2188 argentum

309 2201 400 2240 dedi
413 2202 429 2240 ἲ
1306 2252 1308 2254 ‚
1559 2202 1611 2240 25

147 2269 372 2322 Responde.
425 2268 511 2306 AEs.
533 2267 641 2306 Ante
656 2266 761 2305 aedes
781 2280 861 2305 non
876 2266 1015 2305 fecisse
1036 2266 1110 2305 erit
1127 2265 1270 2306 melius
1283 2265 1350 2306 hic
1366 2266 1615 2307 convicium:

148 2336 255 2374 Nam
275 2335 307 2374 si
325 2334 514 2373 molestus
531 2333 662 2386 pergis
682 2346 777 2380 esse,
793 2332 880 2384 jam
899 2333 1003 2371 intro
1022 2333 1239 2385 abripiere;
1270 2339 1389 2386 atque
1408 2333 1464 2373 ibi

147 2403 282 2454 Usque
302 2401 352 2440 ad
370 2414 512 2439 necem
531 2399 707 2453 operiere
726 2398 831 2437 loris.
902 2399 967 2437 SA.
1009 2399 1121 2438 Loris
1140 2398 1266 2439 liber?
1320 2399 1408 2440 AES.
1447 2400 1511 2440 Sic
1531 2400 1623 2445 erit„
1663 2415 1665 2419 ·

150 2470 216 2508 SA.
257 2469 293 2508 Ο
312 2468 517 2507 hominem
536 2467 737 2520 impurum
754 2479 763 2504 ε
801 2465 956 2505 hiccine
975 2465 1200 2505 libertatem
1219 2466 1332 2506 aiunt
1350 2479 1508 2520 aequam
1528 2480 1614 2507 esse

308 2534 519 2573 omnibus?

146 2603 232 2641 AEs.
256 2601 296 2640 Si
316 2601 409 2639 satis
421 2600 508 2652 jam
529 2598 804 2646 debacchatus,
825 2597 928 2646 lene,
951 2612 1016 2647 es;
1039 2599 1143 2647 audi,
1165 2599 1199 2638 si
1218 2599 1288 2649 vis,
1309 2613 1418 2640 nunc
1435 2601 1529 2640 iam.
1559 2603 1613 2640 30

147 2669 213 2707 SA.
254 2667 383 2719 Egou’
404 2666 668 2705 debacchatus
687 2679 774 2705 sum
794 2670 941 2713 autem,
962 2679 1014 2705 an
1043 2671 1088 2706 tu
1115 2664 1158 2705 in
1187 2666 1282 2706 me?
1363 2666 1451 2708 AEs.
1491 2668 1612 2713 Mitte

306 2734 391 2781 ista,
413 2738 532 2785 atque
552 2733 603 2772 ad
621 2746 706 2771 rem
726 2731 822 2772 redi.

151 2803 217 2841 SA.
258 2802 389 2845 Quam
415 2799 531 2838 rem?
560 2812 638 2851 quo
663 2798 854 2838 redeam?
909 2798 994 2838 AEs.
1035 2798 1182 2839 Jamne
1211 2813 1277 2840 me
1306 2800 1366 2840 vis
1397 2801 1527 2842 dicere
1557 2801 1612 2850 id,
1647 2844 1650 2847 Δ

310 2866 415 2918 quod
434 2865 485 2905 ad
504 2870 542 2904 te
562 2865 730 2904 attinet?
