1670 3080
119 137 185 183 32
733 150 947 182 ANDRIA.

116 227 309 266 Pietatem
327 226 463 279 gnati!
494 239 627 265 nonne
646 232 684 265 te
702 226 861 266 miseret
878 227 987 266 mei?

115 293 288 332 Tantum
306 292 482 332 laborem
501 306 641 345 capere
661 293 710 331 ob
730 292 850 331 talem
869 292 1025 331 filium?

116 360 217 413 Age,
239 359 445 413 Pamphile
463 374 471 398 z
503 359 577 408 exi,
601 358 807 412 Pamphile
825 373 833 398 ε
865 358 1007 410 ecquid
1025 364 1064 398 te
1082 358 1234 412 pudet?
1520 363 1573 400 30

542 541 719 580 ACTUS
749 540 799 579 V.
858 539 1038 579 SCENA
1067 540 1150 580 III.

487 625 746 663 PAMPfflLUS.
812 625 929 663 Smo.
997 624 1209 664 Caunus.

119 717 191 756 ΡΑ.
233 717 330 762 Quis
361 686 434 755 me¹
457 715 565 755 volt?
592 715 702 769 perii,
737 721 850 769 pater
877 722 945 755 est.
1033 716 1090 756 81„
1129 715 1237 761 Quid
1264 717 1333 766 ais,
1367 717 1576 759 omnium?

280 783 354 821 Cu.
395 781 473 830 Ah,

118 850 219 889 Rem
239 849 369 902 potius
388 848 515 901 ipsam
535 847 610 895 dic,
632 861 678 887 ac
698 847 810 886 mitte
830 847 933 887 male
952 847 1071 900 loqui.

119 917 175 955 Sx.
215 915 338 960 Quasi
358 915 570 967 quicquam
590 914 631 953 in
650 913 757 953 hunc
770 913 858 966 jam
875 914 1034 966 gravius
1053 913 1131 953 dici
1148 914 1306 967 possiet.

118 982 214 1022 Ain'
234 982 407 1031 tandem,
429 981 526 1020 civis
547 980 778 1034 Glycerium
800 981 871 1019 ’st?
954 981 1026 1020 ΡΑ.
1068 981 1131 1020 Ita
1148 981 1378 1034 praedicant.

119 1049 175 1088 S1.
216 1048 280 1088 Ita
298 1047 546 1101 praedicant?
574 1048 610 1086 O
629 1046 831 1099 ingentem
852 1046 1132 1087 confidentiam
1149 1062 1158 1087 :
1551 1053 1574 1089 5
1646 1063 1654 1071 ’

119 1113 229 1152 Num
249 1113 395 1165 cogitat
414 1112 509 1165 quid
528 1112 662 1151 dicat?
690 1125 787 1150 num
807 1111 902 1150 facti
920 1111 1062 1164 piget?

120 1180 230 1219 Num
250 1180 333 1233 ejus
353 1179 460 1219 color
477 1178 638 1232 pudoris
657 1178 815 1230 signum
834 1191 1002 1231 usquam
1022 1178 1200 1220 indicat?

120 1245 234 1285 Adeo
253 1244 462 1298 impotenti
480 1257 563 1283 esse
583 1243 727 1292 animo,
748 1249 793 1283 ut
810 1249 954 1296 praeter
973 1244 1118 1283 civium

121 1312 277 1351 Morem
298 1317 416 1364 atque
435 1310 578 1363 legem,
600 1316 640 1349 et
658 1310 719 1349 sui
737 1309 981 1349 voluntatem
1000 1310 1134 1363 patris,

119 1380 272 1420 Tamen
290 1379 394 1419 hanc
412 1379 557 1418 habere
573 1378 728 1417 studeat
746 1391 837 1417 cum
857 1391 1012 1416 summo
1030 1378 1203 1430 probro?
1333 1368 1335 1370 ,
1528 1382 1578 1420 10

120 1447 192 1486 ΡΑ.
234 1446 304 1486 Me
324 1445 538 1485 miserum!
615 1445 671 1484 S1.
712 1445 846 1485 Hem!
876 1444 1046 1485 modone
1066 1445 1107 1485 id
1126 1445 1287 1486 demum
1306 1446 1440 1496 sensti,
1462 1445 1580 1488 Pam-

279 1511 386 1566 phile
401 1513 417 1551 ?
824 1563 830 1565 ¹

121 1580 229 1620 Olim
248 1579 361 1629 istuc,
382 1579 488 1627 olim,
511 1591 603 1618 cum
622 1577 678 1617 ita
696 1577 875 1617 animum
895 1577 1051 1617 induxti
1069 1583 1194 1628 tuum,

120 1648 239 1693 Quod
256 1661 431 1701 cuperes,
453 1646 585 1699 aliquo
603 1650 719 1699 pacto
738 1644 994 1685 efficiundum
1013 1645 1106 1685 tibi:

119 1713 274 1754 Eodem
293 1713 356 1752 die
376 1713 476 1752 istuc
495 1712 662 1752 verbum
681 1724 772 1750 vere
792 1710 834 1749 in
854 1716 892 1750 te
913 1711 1066 1751 accidit.

121 1780 199 1819 Sed
218 1780 312 1832 quid
332 1793 405 1832 ego
422 1793 488 1818 me
507 1783 640 1818 autem
661 1777 870 1817 excrucio?
898 1791 969 1817 cur
987 1791 1052 1817 me
1071 1779 1260 1819 macero?
1530 1783 1578 1820 15

123 1847 202 1885 Cur
220 1860 353 1886 meam
373 1851 619 1885 senectutem
638 1844 757 1897 hujus
776 1843 926 1883 solicito
945 1844 1150 1884 amentia?

120 1912 189 1951 An
207 1917 253 1951 ut
270 1926 341 1965 pro
359 1911 477 1964 hujus
497 1911 669 1964 peccatis
690 1923 763 1963 ego
784 1909 1020 1962 supplicium
1041 1910 1257 1951 sufferam?

121 1979 253 2018 Immo
272 1977 426 2025 habeat,
447 1976 588 2024 valeat,
610 1976 718 2014 vivat
737 1989 828 2015 cum
847 1975 926 2015 illa.
1011 1975 1084 2014 ΡΑ.
1124 1975 1187 2015 Mi
1206 1982 1330 2029 pater.

125 2045 181 2083 Sx.
221 2044 328 2089 Quid
346 2044 403 2082 mi
422 2044 563 2096 pater?
591 2042 702 2095 quasi
722 2048 766 2081 tu
783 2041 902 2094 hujus
920 2041 1099 2094 indigeas
1116 2042 1250 2095 patris.

121 2111 287 2159 Domus,
310 2124 420 2158 uxor,
441 2109 554 2148 liberi
572 2109 736 2165 inventi³
757 2108 881 2147 invito
899 2113 1023 2161 patre.
1526 2116 1578 2154 20

122 2177 310 2225 Adducti,
332 2176 400 2229 qui
419 2175 529 2215 illam
548 2175 675 2215 civem
694 2174 787 2213 hinc
808 2174 966 2214 dicant:
995 2174 1147 2214 viceris.

123 2242 195 2282 ΡΑ.
236 2242 365 2290 Pater,
385 2241 529 2280 licetne
548 2241 702 2294 pauca?
785 2240 841 2279 S1.
881 2240 988 2285 Quid
1007 2241 1112 2281 dices
1131 2241 1256 2282 mihi?

123 2309 198 2348 Cn.
237 2308 402 2356 Tamen,
426 2308 544 2356 Simo,
565 2306 669 2346 audi.
742 2307 798 2345 Sl.
834 2306 962 2359 Egon’
981 2307 1170 2347 audiam?
1197 2309 1293 2362 quid
1311 2323 1386 2364 ego
1404 2311 1576 2362 audiam,

124 2376 321 2415 Chreme?
403 2375 477 2414 Cn.
516 2374 574 2413 At
591 2379 723 2412 tamen
743 2373 849 2413 dicat
867 2374 963 2413 sine.
1049 2374 1105 2414 Sx.
1144 2376 1234 2428 Age
1253 2376 1381 2418 dicat:
1411 2379 1509 2419 sino.

124 2443 196 2482 ΡΑ.
235 2443 322 2494 Ego
350 2455 415 2481 me
449 2453 582 2482 amare
613 2439 716 2479 hanc
747 2440 898 2479 fateor:
937 2440 970 2480 si
1001 2440 1044 2480 id
1079 2455 1244 2495 peccare
1277 2450 1348 2493 est,
1382 2445 1508 2486 fateor
1535 2447 1578 2487 id
1649 2418 1670 2486 ¹²3.

285 2520 452 2560 quoque.
1341 2535 1346 2542 ,
1525 2515 1576 2554 25
1651 2510 1670 2546 ,ᾗ

124 2573 224 2622 Tibi,
244 2578 367 2626 pater,
389 2585 454 2611 me
474 2571 575 2611 dedo
591 2585 600 2609 ε
631 2569 786 2623 quidvis
805 2570 935 2609 oneris
953 2570 1136 2624 impone:
1166 2573 1342 2627 impera:

126 2640 197 2679 Vis
215 2653 279 2678 me
298 2652 463 2678 uxorem
483 2637 651 2676 ducere?
678 2636 781 2676 hanc
801 2637 860 2676 vis
878 2637 1064 2678 mittere?
1090 2645 1135 2679 ut
1151 2646 1300 2694 potere,
1320 2643 1458 2683 feram.

126 2705 216 2744 Hoc
235 2703 352 2744 modo
372 2709 411 2742 te
431 2703 602 2751 obsecro,
624 2707 669 2741 ut
685 2715 736 2740 ne
757 2703 893 2742 credas
913 2717 937 2742 a
955 2717 1020 2743 me
1039 2703 1252 2758 allegatum
1270 2707 1378 2750 hunc
1397 2723 1533 2751 senem
1549 2726 1559 2752 :

126 2771 218 2810 Sine
236 2783 301 2810 me
322 2781 552 2821 expurgem,
580 2773 697 2819 atque
719 2767 831 2807 illum
852 2767 931 2808 huc
950 2782 1082 2810 coram
1104 2770 1313 2812 adducam.
1398 2774 1455 2814 St.
1494 2775 1578 2817 Ad·-
1640 2753 1658 2852 ζ

286 2834 430 2875 ducas!
489 2833 561 2872 ΡΑ.
600 2833 704 2883 Sine,
727 2839 850 2888 pater.
