<?xml version="1.0" encoding="UTF-8"?>
<!DOCTYPE html PUBLIC "-//W3C//DTD XHTML 1.0 Transitional//EN"
    "http://www.w3.org/TR/xhtml1/DTD/xhtml1-transitional.dtd">
<html xmlns="http://www.w3.org/1999/xhtml" xml:lang="en" lang="en">
 <head>
  <title>
</title>
<meta http-equiv="Content-Type" content="text/html;charset=utf-8" />
  <meta name='ocr-system' content='tesseract 3.04.00' />
  <meta name='ocr-capabilities' content='ocr_page ocr_carea ocr_par ocr_line ocrx_word'/>
</head>
<body>
  <div class='ocr_page' id='page_1' title='image "./comoediaesext00tereuoft_0248.png"; bbox 0 0 1670 3080; ppageno 0'>
   <div class='ocr_carea' id='block_1_1' title="bbox 114 89 963 134">
    <p class='ocr_par' dir='ltr' id='par_1_1' title="bbox 114 89 963 134">
     <span class='ocr_line' id='line_1_1' title="bbox 114 89 963 134; baseline -0.006 0"><span class='ocrx_word' id='word_1_1' title='bbox 114 89 211 134; x_wconf 70' lang='lat'><strong>210</strong></span> <span class='ocrx_word' id='word_1_2' title='bbox 720 99 963 131; x_wconf 84' lang='lat' dir='ltr'><strong>PHORMIO.</strong></span> 
     </span>
    </p>
   </div>
   <div class='ocr_carea' id='block_1_2' title="bbox 112 182 1558 305">
    <p class='ocr_par' dir='ltr' id='par_1_2' title="bbox 112 182 1558 305">
     <span class='ocr_line' id='line_1_2' title="bbox 112 182 1558 236; baseline -0.002 -9"><span class='ocrx_word' id='word_1_3' title='bbox 112 188 190 227; x_wconf 73' lang='lat' dir='ltr'><strong>Gn.</strong></span> <span class='ocrx_word' id='word_1_4' title='bbox 229 186 455 226; x_wconf 87' lang='lat' dir='ltr'><strong>Verissime.</strong></span> <span class='ocrx_word' id='word_1_5' title='bbox 526 184 604 224; x_wconf 73' lang='lat' dir='ltr'><strong>DE.</strong></span> <span class='ocrx_word' id='word_1_6' title='bbox 638 185 694 224; x_wconf 92' lang='lat' dir='ltr'><strong>Ut</strong></span> <span class='ocrx_word' id='word_1_7' title='bbox 712 184 936 224; x_wconf 81' lang='lat' dir='ltr'><strong>stultissime</strong></span> <span class='ocrx_word' id='word_1_8' title='bbox 957 183 1116 235; x_wconf 88' lang='lat' dir='ltr'><strong>quidem</strong></span> <span class='ocrx_word' id='word_1_9' title='bbox 1135 182 1193 221; x_wconf 89' lang='lat' dir='ltr'><strong>illi</strong></span> <span class='ocrx_word' id='word_1_10' title='bbox 1210 195 1295 222; x_wconf 90' lang='lat' dir='ltr'><strong>rem</strong></span> <span class='ocrx_word' id='word_1_11' title='bbox 1312 182 1558 236; x_wconf 73' lang='lat' dir='ltr'>gesserimus.</span> 
     </span>
     <span class='ocr_line' id='line_1_3' title="bbox 114 249 1382 305; baseline -0.002 -12"><span class='ocrx_word' id='word_1_12' title='bbox 114 254 191 293; x_wconf 73' lang='lat' dir='ltr'><strong>Gn.</strong></span> <span class='ocrx_word' id='word_1_13' title='bbox 232 254 356 292; x_wconf 92' lang='lat' dir='ltr'><strong>Modo</strong></span> <span class='ocrx_word' id='word_1_14' title='bbox 374 259 419 292; x_wconf 91' lang='lat' dir='ltr'><strong>ut</strong></span> <span class='ocrx_word' id='word_1_15' title='bbox 436 253 510 291; x_wconf 88' lang='lat' dir='ltr'><strong>hoc</strong></span> <span class='ocrx_word' id='word_1_16' title='bbox 531 252 693 291; x_wconf 86' lang='lat' dir='ltr'><strong>consilio</strong></span> <span class='ocrx_word' id='word_1_17' title='bbox 711 252 856 305; x_wconf 82' lang='lat' dir='ltr'><strong>possiet</strong></span> <span class='ocrx_word' id='word_1_18' title='bbox 875 251 1033 298; x_wconf 85' lang='lat' dir='ltr'><strong>discedi,</strong></span> <span class='ocrx_word' id='word_1_19' title='bbox 1054 256 1099 288; x_wconf 88' lang='lat' dir='ltr'><strong>ut</strong></span> <span class='ocrx_word' id='word_1_20' title='bbox 1116 250 1232 289; x_wconf 85' lang='lat' dir='ltr'><strong>istam</strong></span> <span class='ocrx_word' id='word_1_21' title='bbox 1251 249 1382 290; x_wconf 81' lang='lat' dir='ltr'><strong>ducat.</strong></span> 
     </span>
    </p>
   </div>
   <div class='ocr_carea' id='block_1_3' title="bbox 112 302 1637 381">
    <p class='ocr_par' dir='ltr' id='par_1_3' title="bbox 112 302 1637 381">
     <span class='ocr_line' id='line_1_4' title="bbox 112 302 1637 381; baseline -0.001 -22"><span class='ocrx_word' id='word_1_22' title='bbox 112 320 191 359; x_wconf 72' lang='lat' dir='ltr'><strong>Dn.</strong></span> <span class='ocrx_word' id='word_1_23' title='bbox 231 319 364 359; x_wconf 89' lang='lat' dir='ltr'><strong>Etiam</strong></span> <span class='ocrx_word' id='word_1_24' title='bbox 382 318 474 358; x_wconf 91' lang='lat' dir='ltr'><strong>idne</strong></span> <span class='ocrx_word' id='word_1_25' title='bbox 495 318 738 357; x_wconf 81' lang='lat' dir='ltr'><strong>dubium&#39;st?</strong></span> <span class='ocrx_word' id='word_1_26' title='bbox 795 319 872 357; x_wconf 71' lang='lat' dir='ltr'><strong>Ga.</strong></span> <span class='ocrx_word' id='word_1_27' title='bbox 909 317 1032 356; x_wconf 84' lang='lat' dir='ltr'><strong>Haud</strong></span> <span class='ocrx_word' id='word_1_28' title='bbox 1051 316 1132 355; x_wconf 87' lang='lat' dir='ltr'><strong>scio</strong></span> <span class='ocrx_word' id='word_1_29' title='bbox 1149 316 1294 365; x_wconf 88' lang='lat' dir='ltr'><strong>hercle,</strong></span> <span class='ocrx_word' id='word_1_30' title='bbox 1315 321 1361 357; x_wconf 90' lang='lat' dir='ltr'><strong>ut</strong></span> <span class='ocrx_word' id='word_1_31' title='bbox 1377 315 1560 381; x_wconf 36' lang='lat' dir='ltr'><strong>homost,</strong></span> <span class='ocrx_word' id='word_1_32' title='bbox 1635 302 1637 307; x_wconf 20' lang='grc' dir='ltr'><em>Α</em></span> 
     </span>
    </p>
   </div>
   <div class='ocr_carea' id='block_1_4' title="bbox 112 385 1564 1100">
    <p class='ocr_par' dir='ltr' id='par_1_4' title="bbox 112 385 1564 1100">
     <span class='ocr_line' id='line_1_5' title="bbox 274 385 678 424; baseline -0.002 0"><span class='ocrx_word' id='word_1_33' title='bbox 274 398 326 424; x_wconf 87' lang='lat' dir='ltr'><strong>an</strong></span> <span class='ocrx_word' id='word_1_34' title='bbox 344 390 470 424; x_wconf 88' lang='lat' dir='ltr'><strong>mutet</strong></span> <span class='ocrx_word' id='word_1_35' title='bbox 489 385 678 424; x_wconf 90' lang='lat' dir='ltr'><strong>animum.</strong></span> 
     </span>
     <span class='ocr_line' id='line_1_6' title="bbox 112 449 1563 498; baseline -0.001 -8"><span class='ocrx_word' id='word_1_36' title='bbox 112 452 190 490; x_wconf 77' lang='lat' dir='ltr'><strong>DE.</strong></span> <span class='ocrx_word' id='word_1_37' title='bbox 213 451 346 490; x_wconf 89' lang='lat' dir='ltr'><strong>Hem!</strong></span> <span class='ocrx_word' id='word_1_38' title='bbox 368 457 495 490; x_wconf 87' lang='lat' dir='ltr'><strong>mutet</strong></span> <span class='ocrx_word' id='word_1_39' title='bbox 514 453 671 490; x_wconf 75' lang='lat' dir='ltr'><strong>autem?</strong></span> <span class='ocrx_word' id='word_1_40' title='bbox 728 452 804 490; x_wconf 72' lang='lat' dir='ltr'><strong>Ga.</strong></span> <span class='ocrx_word' id='word_1_41' title='bbox 827 450 997 489; x_wconf 86' lang='lat' dir='ltr'><strong>Nescio:</strong></span> <span class='ocrx_word' id='word_1_42' title='bbox 1018 462 1167 497; x_wconf 89' lang='lat' dir='ltr'><strong>verum,</strong></span> <span class='ocrx_word' id='word_1_43' title='bbox 1189 449 1222 488; x_wconf 87' lang='lat' dir='ltr'><strong>si</strong></span> <span class='ocrx_word' id='word_1_44' title='bbox 1239 449 1351 498; x_wconf 65' lang='lat' dir='ltr'><strong>forte3</strong></span> <span class='ocrx_word' id='word_1_45' title='bbox 1371 449 1471 490; x_wconf 84' lang='lat' dir='ltr'><strong>dico.</strong></span> <span class='ocrx_word' id='word_1_46' title='bbox 1512 451 1563 488; x_wconf 88' lang='grc'><strong>10</strong></span> 
     </span>
     <span class='ocr_line' id='line_1_7' title="bbox 113 515 1541 569; baseline -0.001 -13"><span class='ocrx_word' id='word_1_47' title='bbox 113 518 191 556; x_wconf 74' lang='grc' dir='ltr'><strong>ΒΕ.</strong></span> <span class='ocrx_word' id='word_1_48' title='bbox 223 517 286 556; x_wconf 85' lang='lat' dir='ltr'><strong>Ita</strong></span> <span class='ocrx_word' id='word_1_49' title='bbox 304 517 459 565; x_wconf 84' lang='lat' dir='ltr'><strong>faciam,</strong></span> <span class='ocrx_word' id='word_1_50' title='bbox 480 523 525 556; x_wconf 86' lang='lat' dir='ltr'><strong>ut</strong></span> <span class='ocrx_word' id='word_1_51' title='bbox 542 517 662 556; x_wconf 86' lang='lat' dir='ltr'><strong>frater</strong></span> <span class='ocrx_word' id='word_1_52' title='bbox 681 517 854 556; x_wconf 89' lang='lat' dir='ltr'><strong>censuit:</strong></span> <span class='ocrx_word' id='word_1_53' title='bbox 889 523 933 555; x_wconf 89' lang='lat' dir='ltr'><strong>ut</strong></span> <span class='ocrx_word' id='word_1_54' title='bbox 952 529 1117 555; x_wconf 87' lang='lat' dir='ltr'><strong>uxorem</strong></span> <span class='ocrx_word' id='word_1_55' title='bbox 1135 515 1213 555; x_wconf 84' lang='lat' dir='ltr'><strong>huc</strong></span> <span class='ocrx_word' id='word_1_56' title='bbox 1233 516 1316 569; x_wconf 83' lang='lat' dir='ltr'><strong>ejus</strong></span> <span class='ocrx_word' id='word_1_57' title='bbox 1334 515 1541 564; x_wconf 80' lang='lat' dir='ltr'><strong>adducam,</strong></span> 
     </span>
     <span class='ocr_line' id='line_1_8' title="bbox 115 582 1560 635; baseline 0 -14"><span class='ocrx_word' id='word_1_58' title='bbox 115 583 215 621; x_wconf 90' lang='lat' dir='ltr'><strong>Cum</strong></span> <span class='ocrx_word' id='word_1_59' title='bbox 234 583 309 622; x_wconf 85' lang='lat' dir='ltr'><strong>ista</strong></span> <span class='ocrx_word' id='word_1_60' title='bbox 325 588 371 621; x_wconf 92' lang='lat' dir='ltr'><strong>ut</strong></span> <span class='ocrx_word' id='word_1_61' title='bbox 388 583 592 634; x_wconf 89' lang='lat' dir='ltr'><strong>loquatur:</strong></span> <span class='ocrx_word' id='word_1_62' title='bbox 623 589 676 631; x_wconf 93' lang='lat' dir='ltr'><strong>tu,</strong></span> <span class='ocrx_word' id='word_1_63' title='bbox 701 584 814 631; x_wconf 87' lang='lat' dir='ltr'><strong>Geta,</strong></span> <span class='ocrx_word' id='word_1_64' title='bbox 836 583 900 622; x_wconf 87' lang='lat' dir='ltr'><strong>abi</strong></span> <span class='ocrx_word' id='word_1_65' title='bbox 918 596 1026 635; x_wconf 90' lang='lat' dir='ltr'><strong>prae:</strong></span> <span class='ocrx_word' id='word_1_66' title='bbox 1061 582 1201 622; x_wconf 88' lang='lat' dir='ltr'><strong>nuntia</strong></span> <span class='ocrx_word' id='word_1_67' title='bbox 1218 582 1322 623; x_wconf 83' lang='lat' dir='ltr'><strong>hanc</strong></span> <span class='ocrx_word' id='word_1_68' title='bbox 1341 587 1560 622; x_wconf 84' lang='lat' dir='ltr'><strong>venturam.</strong></span> 
     </span>
     <span class='ocr_line' id='line_1_9' title="bbox 116 648 1373 702; baseline 0.002 -16"><span class='ocrx_word' id='word_1_69' title='bbox 116 649 192 687; x_wconf 67' lang='lat' dir='ltr'><strong>GE.</strong></span> <span class='ocrx_word' id='word_1_70' title='bbox 231 648 457 700; x_wconf 83' lang='lat' dir='ltr'><strong>Argentum</strong></span> <span class='ocrx_word' id='word_1_71' title='bbox 476 648 696 687; x_wconf 89' lang='lat' dir='ltr'><strong>inventum’</strong></span> <span class='ocrx_word' id='word_1_72' title='bbox 699 654 734 687; x_wconf 85' lang='lat' dir='ltr'><strong>st</strong></span> <span class='ocrx_word' id='word_1_73' title='bbox 754 649 970 688; x_wconf 86' lang='lat' dir='ltr'><strong>Phaedriae:</strong></span> <span class='ocrx_word' id='word_1_74' title='bbox 1001 649 1080 688; x_wconf 82' lang='lat' dir='ltr'><strong>de&#39;</strong></span> <span class='ocrx_word' id='word_1_75' title='bbox 1063 649 1196 702; x_wconf 83' lang='lat' dir='ltr'><strong>Jurgio</strong></span> <span class='ocrx_word' id='word_1_76' title='bbox 1214 648 1373 688; x_wconf 83' lang='lat' dir='ltr'><strong>siletur:</strong></span> 
     </span>
     <span class='ocr_line' id='line_1_10' title="bbox 114 714 1562 778; baseline 0.001 -25"><span class='ocrx_word' id='word_1_77' title='bbox 114 715 320 754; x_wconf 87' lang='lat' dir='ltr'><strong>Provisum</strong></span> <span class='ocrx_word' id='word_1_78' title='bbox 357 719 426 763; x_wconf 87' lang='lat' dir='ltr'><strong>est,</strong></span> <span class='ocrx_word' id='word_1_79' title='bbox 465 729 515 754; x_wconf 91' lang='lat' dir='ltr'><strong>ne</strong></span> <span class='ocrx_word' id='word_1_80' title='bbox 551 715 594 754; x_wconf 91' lang='lat' dir='ltr'><strong>in</strong></span> <span class='ocrx_word' id='word_1_81' title='bbox 630 716 841 768; x_wconf 74' lang='lat' dir='ltr'><strong>praesentia</strong></span> <span class='ocrx_word' id='word_1_82' title='bbox 883 715 969 754; x_wconf 87' lang='lat' dir='ltr'><strong>haec</strong></span> <span class='ocrx_word' id='word_1_83' title='bbox 1005 715 1099 754; x_wconf 87' lang='lat' dir='ltr'><strong>hinc</strong></span> <span class='ocrx_word' id='word_1_84' title='bbox 1135 715 1275 778; x_wconf 83' lang='lat' dir='ltr'><strong>abeat:</strong></span> <span class='ocrx_word' id='word_1_85' title='bbox 1323 714 1419 768; x_wconf 86' lang='lat' dir='ltr'><strong>quid</strong></span> <span class='ocrx_word' id='word_1_86' title='bbox 1453 727 1562 754; x_wconf 89' lang='lat' dir='ltr'><strong>nunc</strong></span> 
     </span>
     <span class='ocr_line' id='line_1_11' title="bbox 273 781 417 833; baseline 0.007 -14"><span class='ocrx_word' id='word_1_87' title='bbox 273 781 417 833; x_wconf 78' lang='lat' dir='ltr'><strong>porro?</strong></span> 
     </span>
     <span class='ocr_line' id='line_1_12' title="bbox 116 846 1564 903; baseline 0.001 -18"><span class='ocrx_word' id='word_1_88' title='bbox 116 846 222 891; x_wconf 83' lang='lat' dir='ltr'>Quid</span> <span class='ocrx_word' id='word_1_89' title='bbox 240 847 337 886; x_wconf 76' lang='lat' dir='ltr'><strong>fiet?</strong></span> <span class='ocrx_word' id='word_1_90' title='bbox 364 846 406 886; x_wconf 91' lang='lat' dir='ltr'><strong>in</strong></span> <span class='ocrx_word' id='word_1_91' title='bbox 426 847 564 886; x_wconf 90' lang='lat' dir='ltr'><strong>eodem</strong></span> <span class='ocrx_word' id='word_1_92' title='bbox 582 846 739 886; x_wconf 84' lang='lat' dir='ltr'><strong>haesitas</strong></span> <span class='ocrx_word' id='word_1_93' title='bbox 758 847 841 886; x_wconf 86' lang='lat' dir='ltr'><strong>luto</strong></span> <span class='ocrx_word' id='word_1_94' title='bbox 858 862 866 886; x_wconf 90' lang='lat'><strong>:</strong></span> <span class='ocrx_word' id='word_1_95' title='bbox 896 861 1058 903; x_wconf 61' lang='lat' dir='ltr'><strong>vgrsura</strong></span> <span class='ocrx_word' id='word_1_96' title='bbox 1077 848 1216 903; x_wconf 56' lang='lat' dir='ltr'><strong>solvis:</strong></span> <span class='ocrx_word' id='word_1_97' title='bbox 1515 847 1564 886; x_wconf 84' lang='lat'><strong>15</strong></span> 
     </span>
     <span class='ocr_line' id='line_1_13' title="bbox 115 914 1444 968; baseline 0.002 -16"><span class='ocrx_word' id='word_1_98' title='bbox 115 914 295 953; x_wconf 86' lang='lat' dir='ltr'><strong>Praesens</strong></span> <span class='ocrx_word' id='word_1_99' title='bbox 315 914 420 965; x_wconf 89' lang='lat' dir='ltr'><strong>quod</strong></span> <span class='ocrx_word' id='word_1_100' title='bbox 437 914 576 960; x_wconf 89' lang='lat' dir='ltr'><strong>fuerat,</strong></span> <span class='ocrx_word' id='word_1_101' title='bbox 597 914 639 952; x_wconf 91' lang='lat' dir='ltr'><strong>in</strong></span> <span class='ocrx_word' id='word_1_102' title='bbox 660 914 765 952; x_wconf 89' lang='lat' dir='ltr'><strong>diem</strong></span> <span class='ocrx_word' id='word_1_103' title='bbox 785 914 934 953; x_wconf 88' lang='lat' dir='ltr'><strong>malum</strong></span> <span class='ocrx_word' id='word_1_104' title='bbox 954 914 1074 954; x_wconf 86' lang='lat' dir='ltr'><strong>abiit:</strong></span> <span class='ocrx_word' id='word_1_105' title='bbox 1103 915 1232 968; x_wconf 86' lang='lat' dir='ltr'><strong>plagae</strong></span> <span class='ocrx_word' id='word_1_106' title='bbox 1251 919 1444 963; x_wconf 85' lang='lat' dir='ltr'><strong>crescunt,</strong></span> 
     </span>
     <span class='ocr_line' id='line_1_14' title="bbox 116 978 1497 1032; baseline 0.003 -15"><span class='ocrx_word' id='word_1_107' title='bbox 116 979 203 1018; x_wconf 88' lang='lat' dir='ltr'><strong>Nisi</strong></span> <span class='ocrx_word' id='word_1_108' title='bbox 222 978 422 1032; x_wconf 87' lang='lat' dir='ltr'><strong>prospicis.</strong></span> <span class='ocrx_word' id='word_1_109' title='bbox 480 979 599 1019; x_wconf 90' lang='lat' dir='ltr'><strong>Nunc</strong></span> <span class='ocrx_word' id='word_1_110' title='bbox 617 979 711 1019; x_wconf 90' lang='lat' dir='ltr'><strong>hinc</strong></span> <span class='ocrx_word' id='word_1_111' title='bbox 731 980 893 1019; x_wconf 90' lang='lat' dir='ltr'><strong>domum</strong></span> <span class='ocrx_word' id='word_1_112' title='bbox 912 981 976 1020; x_wconf 92' lang='lat' dir='ltr'><strong>ibo</strong></span> <span class='ocrx_word' id='word_1_113' title='bbox 991 996 1001 1029; x_wconf 88' lang='lat'>;</span> <span class='ocrx_word' id='word_1_114' title='bbox 1032 994 1078 1020; x_wconf 87' lang='lat' dir='ltr'><strong>ac</strong></span> <span class='ocrx_word' id='word_1_115' title='bbox 1100 981 1296 1021; x_wconf 89' lang='lat' dir='ltr'><strong>Phanium</strong></span> <span class='ocrx_word' id='word_1_116' title='bbox 1315 980 1497 1029; x_wconf 85' lang='lat' dir='ltr'><strong>edocebo,</strong></span> 
     </span>
     <span class='ocr_line' id='line_1_15' title="bbox 115 1046 1286 1100; baseline 0.002 -15"><span class='ocrx_word' id='word_1_117' title='bbox 115 1046 179 1085; x_wconf 90' lang='lat' dir='ltr'><strong>Ne</strong></span> <span class='ocrx_word' id='word_1_118' title='bbox 200 1046 295 1099; x_wconf 86' lang='lat' dir='ltr'><strong>quid</strong></span> <span class='ocrx_word' id='word_1_119' title='bbox 315 1051 497 1086; x_wconf 84' lang='lat' dir='ltr'>vereatur</span> <span class='ocrx_word' id='word_1_120' title='bbox 517 1046 784 1095; x_wconf 85' lang='lat' dir='ltr'><strong>Naustratam,</strong></span> <span class='ocrx_word' id='word_1_121' title='bbox 805 1060 935 1100; x_wconf 88' lang='lat' dir='ltr'><strong>neque</strong></span> <span class='ocrx_word' id='word_1_122' title='bbox 955 1047 1039 1099; x_wconf 84' lang='lat' dir='ltr'><strong>ejus</strong></span> <span class='ocrx_word' id='word_1_123' title='bbox 1058 1048 1286 1087; x_wconf 86' lang='lat' dir='ltr'><strong>orationem.</strong></span> 
     </span>
    </p>
   </div>
   <div class='ocr_carea' id='block_1_5' title="bbox 950 895 1144 905">
    <p class='ocr_par' dir='ltr' id='par_1_5' title="bbox 950 895 1144 905">
     <span class='ocr_line' id='line_1_16' title="bbox 950 895 1144 905; baseline 0 2175"><span class='ocrx_word' id='word_1_124' title='bbox 950 895 1144 905; x_wconf 95' lang='lat' dir='ltr'><strong> </strong></span> 
     </span>
    </p>
   </div>
   <div class='ocr_carea' id='block_1_6' title="bbox 549 1246 1156 1287">
    <p class='ocr_par' dir='ltr' id='par_1_6' title="bbox 549 1246 1156 1287">
     <span class='ocr_line' id='line_1_17' title="bbox 549 1246 1156 1287; baseline 0.002 -1"><span class='ocrx_word' id='word_1_125' title='bbox 549 1246 726 1286; x_wconf 91' lang='lat' dir='ltr'><strong>ACTUS</strong></span> <span class='ocrx_word' id='word_1_126' title='bbox 755 1246 807 1286; x_wconf 91' lang='lat' dir='ltr'><strong>V.</strong></span> <span class='ocrx_word' id='word_1_127' title='bbox 865 1246 1045 1286; x_wconf 91' lang='lat' dir='ltr'><strong>SCENA</strong></span> <span class='ocrx_word' id='word_1_128' title='bbox 1074 1247 1156 1287; x_wconf 91' lang='grc' dir='ltr'>ΙΙΙ.</span> 
     </span>
    </p>
   </div>
   <div class='ocr_carea' id='block_1_7' title="bbox 424 1349 1274 1390">
    <p class='ocr_par' dir='ltr' id='par_1_7' title="bbox 424 1349 1274 1390">
     <span class='ocr_line' id='line_1_18' title="bbox 424 1349 1274 1390; baseline 0.001 -1"><span class='ocrx_word' id='word_1_129' title='bbox 424 1349 638 1389; x_wconf 78' lang='lat' dir='ltr'>DEM1PHO.</span> <span class='ocrx_word' id='word_1_130' title='bbox 696 1349 1004 1389; x_wconf 77' lang='lat' dir='ltr'><strong>NAUSISTRATA.</strong></span> <span class='ocrx_word' id='word_1_131' title='bbox 1063 1350 1274 1390; x_wconf 73' lang='lat' dir='ltr'>CHREMES.</span> 
     </span>
    </p>
   </div>
   <div class='ocr_carea' id='block_1_8' title="bbox 114 1448 1572 1701">
    <p class='ocr_par' dir='ltr' id='par_1_8' title="bbox 114 1448 1572 1701">
     <span class='ocr_line' id='line_1_19' title="bbox 114 1448 1516 1504; baseline 0.003 -17"><span class='ocrx_word' id='word_1_132' title='bbox 114 1453 192 1492; x_wconf 78' lang='lat' dir='ltr'><strong>DE·</strong></span> <span class='ocrx_word' id='word_1_133' title='bbox 236 1449 442 1500; x_wconf 88' lang='lat' dir='ltr'><strong>Agedum,</strong></span> <span class='ocrx_word' id='word_1_134' title='bbox 457 1455 503 1489; x_wconf 87' lang='lat' dir='ltr'><strong>ut</strong></span> <span class='ocrx_word' id='word_1_135' title='bbox 521 1448 632 1497; x_wconf 86' lang='lat' dir='ltr'><strong>soles,</strong></span> <span class='ocrx_word' id='word_1_136' title='bbox 655 1449 902 1489; x_wconf 82' lang='lat' dir='ltr'>Nausistrata</span> <span class='ocrx_word' id='word_1_137' title='bbox 918 1464 927 1488; x_wconf 76' lang='grc' dir='ltr'><strong><em>ε</em></strong></span> <span class='ocrx_word' id='word_1_138' title='bbox 956 1450 1030 1499; x_wconf 86' lang='lat' dir='ltr'><strong>fac,</strong></span> <span class='ocrx_word' id='word_1_139' title='bbox 1051 1450 1120 1489; x_wconf 86' lang='lat' dir='ltr'><strong>illa</strong></span> <span class='ocrx_word' id='word_1_140' title='bbox 1136 1456 1182 1490; x_wconf 88' lang='lat' dir='ltr'><strong>ut</strong></span> <span class='ocrx_word' id='word_1_141' title='bbox 1198 1450 1375 1504; x_wconf 79' lang='lat' dir='ltr'><strong>placetur</strong></span> <span class='ocrx_word' id='word_1_142' title='bbox 1393 1451 1516 1500; x_wconf 79' lang='lat' dir='ltr'><strong>nobis,</strong></span> 
     </span>
     <span class='ocr_line' id='line_1_20' title="bbox 118 1515 1517 1568; baseline 0 -11"><span class='ocrx_word' id='word_1_143' title='bbox 118 1518 174 1557; x_wconf 84' lang='lat' dir='ltr'><strong>Ut</strong></span> <span class='ocrx_word' id='word_1_144' title='bbox 193 1531 263 1556; x_wconf 88' lang='lat' dir='ltr'><strong>sua</strong></span> <span class='ocrx_word' id='word_1_145' title='bbox 282 1516 484 1555; x_wconf 85' lang='lat' dir='ltr'><strong>voluntate</strong></span> <span class='ocrx_word' id='word_1_146' title='bbox 503 1516 555 1564; x_wconf 86' lang='lat' dir='ltr'><strong>id,</strong></span> <span class='ocrx_word' id='word_1_147' title='bbox 578 1515 683 1568; x_wconf 92' lang='lat' dir='ltr'><strong>quod</strong></span> <span class='ocrx_word' id='word_1_148' title='bbox 702 1520 761 1554; x_wconf 88' lang='lat' dir='ltr'><strong>est</strong></span> <span class='ocrx_word' id='word_1_149' title='bbox 778 1515 1020 1564; x_wconf 85' lang='lat' dir='ltr'><strong>faciundum,</strong></span> <span class='ocrx_word' id='word_1_150' title='bbox 1041 1516 1171 1555; x_wconf 87' lang='lat' dir='ltr'><strong>faciat.</strong></span> <span class='ocrx_word' id='word_1_151' title='bbox 1228 1516 1269 1555; x_wconf 92' lang='lat' dir='ltr'>N</span> <span class='ocrx_word' id='word_1_152' title='bbox 1271 1530 1309 1556; x_wconf 82' lang='lat' dir='ltr'><strong>A.</strong></span> <span class='ocrx_word' id='word_1_153' title='bbox 1343 1516 1517 1557; x_wconf 78' lang='lat' dir='ltr'><strong>Faciam.</strong></span> 
     </span>
     <span class='ocr_line' id='line_1_21' title="bbox 118 1581 1512 1635; baseline 0 -13"><span class='ocrx_word' id='word_1_154' title='bbox 118 1583 197 1622; x_wconf 69' lang='lat' dir='ltr'><strong>Dc,</strong></span> <span class='ocrx_word' id='word_1_155' title='bbox 237 1581 390 1620; x_wconf 82' lang='lat' dir='ltr'><strong>Pariter</strong></span> <span class='ocrx_word' id='word_1_156' title='bbox 408 1594 517 1620; x_wconf 89' lang='lat' dir='ltr'><strong>nunc</strong></span> <span class='ocrx_word' id='word_1_157' title='bbox 539 1594 658 1633; x_wconf 88' lang='lat' dir='ltr'><strong>opera</strong></span> <span class='ocrx_word' id='word_1_158' title='bbox 675 1595 741 1620; x_wconf 88' lang='lat' dir='ltr'><strong>me</strong></span> <span class='ocrx_word' id='word_1_159' title='bbox 761 1581 934 1634; x_wconf 84' lang='lat' dir='ltr'><strong>adjuveS‚</strong></span> <span class='ocrx_word' id='word_1_160' title='bbox 956 1595 1001 1620; x_wconf 87' lang='lat' dir='ltr'><strong>ac</strong></span> <span class='ocrx_word' id='word_1_161' title='bbox 1020 1595 1062 1620; x_wconf 90' lang='lat' dir='ltr'><strong>re</strong></span> <span class='ocrx_word' id='word_1_162' title='bbox 1082 1582 1232 1621; x_wconf 86' lang='lat' dir='ltr'><strong>dudum</strong></span> <span class='ocrx_word' id='word_1_163' title='bbox 1251 1582 1442 1635; x_wconf 82' lang='lat' dir='ltr'><strong>opitulata</strong></span> <span class='ocrx_word' id='word_1_164' title='bbox 1459 1595 1512 1622; x_wconf 85' lang='lat' dir='ltr'><strong>es.</strong></span> 
     </span>
     <span class='ocr_line' id='line_1_22' title="bbox 119 1646 1572 1701; baseline -0.001 -13"><span class='ocrx_word' id='word_1_165' title='bbox 119 1649 199 1688; x_wconf 77' lang='lat' dir='ltr'><strong>NA.</strong></span> <span class='ocrx_word' id='word_1_166' title='bbox 239 1648 406 1687; x_wconf 88' lang='lat' dir='ltr'><strong>Factum</strong></span> <span class='ocrx_word' id='word_1_167' title='bbox 445 1647 535 1687; x_wconf 93' lang='lat' dir='ltr'><strong>volo</strong></span> <span class='ocrx_word' id='word_1_168' title='bbox 552 1661 560 1686; x_wconf 92' lang='lat'><strong>:</strong></span> <span class='ocrx_word' id='word_1_169' title='bbox 609 1661 656 1686; x_wconf 89' lang='lat' dir='ltr'><strong>ac</strong></span> <span class='ocrx_word' id='word_1_170' title='bbox 695 1646 762 1700; x_wconf 92' lang='lat' dir='ltr'><strong>pol</strong></span> <span class='ocrx_word' id='word_1_171' title='bbox 793 1647 925 1686; x_wconf 88' lang='lat' dir='ltr'><strong>minus</strong></span> <span class='ocrx_word' id='word_1_172' title='bbox 958 1660 1059 1699; x_wconf 92' lang='lat' dir='ltr'><strong>queo</strong></span> <span class='ocrx_word' id='word_1_173' title='bbox 1093 1647 1168 1687; x_wconf 87' lang='lat' dir='ltr'><strong>viri</strong></span> <span class='ocrx_word' id='word_1_174' title='bbox 1197 1647 1324 1701; x_wconf 83' lang='lat' dir='ltr'><strong>culpa,</strong></span> <span class='ocrx_word' id='word_1_175' title='bbox 1359 1661 1478 1701; x_wconf 82' lang='lat' dir='ltr'><strong>quam</strong></span> <span class='ocrx_word' id='word_1_176' title='bbox 1507 1661 1572 1687; x_wconf 90' lang='lat' dir='ltr'><strong>me</strong></span> 
     </span>
    </p>
   </div>
   <div class='ocr_carea' id='block_1_9' title="bbox 121 1713 1575 1901">
    <p class='ocr_par' dir='ltr' id='par_1_9' title="bbox 121 1713 1575 1901">
     <span class='ocr_line' id='line_1_23' title="bbox 283 1713 1533 1753; baseline -0.003 0"><span class='ocrx_word' id='word_1_177' title='bbox 283 1714 324 1753; x_wconf 87' lang='lat' dir='ltr'><strong>di</strong></span> <span class='ocrx_word' id='word_1_178' title='bbox 352 1713 512 1753; x_wconf 86' lang='lat' dir='ltr'><strong>num’st.</strong></span> <span class='ocrx_word' id='word_1_179' title='bbox 1531 1745 1533 1749; x_wconf 87' lang='lat'><em>.</em></span> 
     </span>
     <span class='ocr_line' id='line_1_24' title="bbox 121 1728 1575 1834; baseline -0.001 -11"><span class='ocrx_word' id='word_1_180' title='bbox 121 1784 199 1823; x_wconf 74' lang='lat' dir='ltr'><strong>Dc.</strong></span> <span class='ocrx_word' id='word_1_181' title='bbox 249 1728 357 1827; x_wconf 51' lang='lat' dir='ltr'><strong>Quig.</strong></span> <span class='ocrx_word' id='word_1_182' title='bbox 376 1782 540 1821; x_wconf 83' lang='lat' dir='ltr'><strong>autem?</strong></span> <span class='ocrx_word' id='word_1_183' title='bbox 622 1781 703 1820; x_wconf 73' lang='lat' dir='ltr'><strong>NA.</strong></span> <span class='ocrx_word' id='word_1_184' title='bbox 752 1780 856 1825; x_wconf 84' lang='lat' dir='ltr'><strong>Quia</strong></span> <span class='ocrx_word' id='word_1_185' title='bbox 872 1780 940 1833; x_wconf 91' lang='lat' dir='ltr'><strong>pol</strong></span> <span class='ocrx_word' id='word_1_186' title='bbox 958 1780 1038 1819; x_wconf 88' lang='lat' dir='ltr'><strong>mei</strong></span> <span class='ocrx_word' id='word_1_187' title='bbox 1055 1780 1178 1834; x_wconf 85' lang='lat' dir='ltr'><strong>patris</strong></span> <span class='ocrx_word' id='word_1_188' title='bbox 1194 1780 1296 1820; x_wconf 89' lang='lat' dir='ltr'><strong>bene</strong></span> <span class='ocrx_word' id='word_1_189' title='bbox 1314 1786 1428 1834; x_wconf 84' lang='lat' dir='ltr'><strong>parta</strong></span> <span class='ocrx_word' id='word_1_190' title='bbox 1445 1780 1575 1821; x_wconf 78' lang='lat' dir='ltr'><strong>indili-</strong></span> 
     </span>
     <span class='ocr_line' id='line_1_25' title="bbox 281 1850 1573 1901; baseline -0.002 -13"><span class='ocrx_word' id='word_1_191' title='bbox 281 1853 422 1901; x_wconf 84' lang='lat' dir='ltr'><strong>genter</strong></span> <span class='ocrx_word' id='word_1_192' title='bbox 1549 1850 1573 1886; x_wconf 89' lang='lat'><em>5</em></span> 
     </span>
    </p>
   </div>
   <div class='ocr_carea' id='block_1_10' title="bbox 121 1902 1578 2154">
    <p class='ocr_par' dir='ltr' id='par_1_10' title="bbox 121 1902 1211 1965">
     <span class='ocr_line' id='line_1_26' title="bbox 121 1902 1211 1965; baseline -0.002 -10"><span class='ocrx_word' id='word_1_193' title='bbox 121 1902 289 1955; x_wconf 80' lang='lat' dir='ltr'><strong>Tutatur</strong></span> <span class='ocrx_word' id='word_1_194' title='bbox 309 1928 317 1953; x_wconf 90' lang='lat'><strong>:</strong></span> <span class='ocrx_word' id='word_1_195' title='bbox 349 1927 444 1952; x_wconf 90' lang='lat' dir='ltr'><strong>nam</strong></span> <span class='ocrx_word' id='word_1_196' title='bbox 463 1926 515 1952; x_wconf 87' lang='lat' dir='ltr'><strong>ex</strong></span> <span class='ocrx_word' id='word_1_197' title='bbox 531 1912 579 1951; x_wconf 86' lang='lat' dir='ltr'><strong>iis</strong></span> <span class='ocrx_word' id='word_1_198' title='bbox 598 1912 758 1965; x_wconf 86' lang='lat' dir='ltr'><strong>praediis</strong></span> <span class='ocrx_word' id='word_1_199' title='bbox 777 1912 926 1952; x_wconf 85' lang='lat' dir='ltr'><strong>talenta</strong></span> <span class='ocrx_word' id='word_1_200' title='bbox 945 1913 1098 1965; x_wconf 85' lang='lat' dir='ltr'><strong>argenti</strong></span> <span class='ocrx_word' id='word_1_201' title='bbox 1115 1913 1211 1953; x_wconf 85' lang='lat' dir='ltr'><strong>bina</strong></span> 
     </span>
    </p>

    <p class='ocr_par' dir='ltr' id='par_1_11' title="bbox 122 1977 1578 2099">
     <span class='ocr_line' id='line_1_27' title="bbox 122 1977 1578 2032; baseline 0 -13"><span class='ocrx_word' id='word_1_202' title='bbox 122 1980 311 2032; x_wconf 87' lang='lat' dir='ltr'><strong>Capiebat</strong></span> <span class='ocrx_word' id='word_1_203' title='bbox 329 1978 461 2017; x_wconf 89' lang='lat' dir='ltr'><strong>statim</strong></span> <span class='ocrx_word' id='word_1_204' title='bbox 478 1991 487 2016; x_wconf 74' lang='grc' dir='ltr'>ε</span> <span class='ocrx_word' id='word_1_205' title='bbox 516 1977 622 2025; x_wconf 89' lang='lat' dir='ltr'><strong>hem,</strong></span> <span class='ocrx_word' id='word_1_206' title='bbox 643 1977 703 2015; x_wconf 92' lang='lat' dir='ltr'><strong>vir</strong></span> <span class='ocrx_word' id='word_1_207' title='bbox 722 1977 806 2016; x_wconf 92' lang='lat' dir='ltr'><strong>viro</strong></span> <span class='ocrx_word' id='word_1_208' title='bbox 826 1977 920 2029; x_wconf 94' lang='lat' dir='ltr'><strong>quid</strong></span> <span class='ocrx_word' id='word_1_209' title='bbox 937 1979 1123 2029; x_wconf 86' lang='lat' dir='ltr'><strong>praestat!</strong></span> <span class='ocrx_word' id='word_1_210' title='bbox 1180 1979 1260 2018; x_wconf 72' lang='lat' dir='ltr'><strong>Da.</strong></span> <span class='ocrx_word' id='word_1_211' title='bbox 1293 1979 1396 2018; x_wconf 87' lang='lat' dir='ltr'><strong>Bina</strong></span> <span class='ocrx_word' id='word_1_212' title='bbox 1415 1980 1578 2032; x_wconf 75' lang='lat' dir='ltr'><strong>quaeso?</strong></span> 
     </span>
     <span class='ocr_line' id='line_1_28' title="bbox 123 2043 1414 2099; baseline -0.001 -14"><span class='ocrx_word' id='word_1_213' title='bbox 123 2047 202 2085; x_wconf 77' lang='lat' dir='ltr'><strong>NA.</strong></span> <span class='ocrx_word' id='word_1_214' title='bbox 242 2045 304 2084; x_wconf 89' lang='lat' dir='ltr'><strong>Ac</strong></span> <span class='ocrx_word' id='word_1_215' title='bbox 323 2044 440 2083; x_wconf 86' lang='lat' dir='ltr'><strong>rebus</strong></span> <span class='ocrx_word' id='word_1_216' title='bbox 460 2043 670 2099; x_wconf 79' lang='lat' dir='ltr'><strong>vilioribus,</strong></span> <span class='ocrx_word' id='word_1_217' title='bbox 691 2047 826 2081; x_wconf 85' lang='lat' dir='ltr'><strong>tamen</strong></span> <span class='ocrx_word' id='word_1_218' title='bbox 846 2043 923 2081; x_wconf 90' lang='lat' dir='ltr'><strong>duo</strong></span> <span class='ocrx_word' id='word_1_219' title='bbox 943 2043 1101 2082; x_wconf 86' lang='lat' dir='ltr'><strong>talenta.</strong></span> <span class='ocrx_word' id='word_1_220' title='bbox 1185 2045 1264 2083; x_wconf 67' lang='lat' dir='ltr'><strong>Da.</strong></span> <span class='ocrx_word' id='word_1_221' title='bbox 1304 2045 1388 2084; x_wconf 88' lang='lat' dir='ltr'><strong>Hui</strong></span> <span class='ocrx_word' id='word_1_222' title='bbox 1404 2045 1414 2084; x_wconf 90' lang='lat'>!</span> 
     </span>
    </p>

    <p class='ocr_par' dir='ltr' id='par_1_12' title="bbox 123 2108 1577 2154">
     <span class='ocr_line' id='line_1_29' title="bbox 123 2108 1577 2154; baseline 0.001 -3"><span class='ocrx_word' id='word_1_223' title='bbox 123 2112 203 2151; x_wconf 75' lang='lat' dir='ltr'><strong>NA.</strong></span> <span class='ocrx_word' id='word_1_224' title='bbox 242 2110 349 2154; x_wconf 83' lang='lat' dir='ltr'><strong>Quid</strong></span> <span class='ocrx_word' id='word_1_225' title='bbox 366 2109 453 2148; x_wconf 90' lang='lat' dir='ltr'><strong>haec</strong></span> <span class='ocrx_word' id='word_1_226' title='bbox 472 2109 684 2147; x_wconf 79' lang='lat' dir='ltr'><strong>videntur?</strong></span> <span class='ocrx_word' id='word_1_227' title='bbox 739 2108 817 2147; x_wconf 65' lang='lat' dir='ltr'><strong>DE.</strong></span> <span class='ocrx_word' id='word_1_228' title='bbox 858 2108 1024 2148; x_wconf 86' lang='lat' dir='ltr'><strong>Scilicet.</strong></span> <span class='ocrx_word' id='word_1_229' title='bbox 1082 2109 1162 2149; x_wconf 73' lang='lat' dir='ltr'><strong>NA.</strong></span> <span class='ocrx_word' id='word_1_230' title='bbox 1195 2110 1338 2150; x_wconf 87' lang='lat' dir='ltr'><strong>Virum</strong></span> <span class='ocrx_word' id='word_1_231' title='bbox 1355 2124 1420 2150; x_wconf 90' lang='lat' dir='ltr'><strong>me</strong></span> <span class='ocrx_word' id='word_1_232' title='bbox 1440 2116 1577 2152; x_wconf 87' lang='lat' dir='ltr'><strong>natum</strong></span> 
     </span>
    </p>
   </div>
   <div class='ocr_carea' id='block_1_11' title="bbox 125 2175 1580 2355">
    <p class='ocr_par' dir='ltr' id='par_1_13' title="bbox 125 2175 1580 2355">
     <span class='ocr_line' id='line_1_30' title="bbox 283 2175 452 2215; baseline -0.012 0"><span class='ocrx_word' id='word_1_233' title='bbox 283 2175 452 2215; x_wconf 86' lang='lat' dir='ltr'><strong>vellem:</strong></span> 
     </span>
     <span class='ocr_line' id='line_1_31' title="bbox 125 2240 1580 2296; baseline 0.001 -12"><span class='ocrx_word' id='word_1_234' title='bbox 125 2245 212 2296; x_wconf 89' lang='lat' dir='ltr'><strong>Ego</strong></span> <span class='ocrx_word' id='word_1_235' title='bbox 225 2242 528 2282; x_wconf 80' lang='lat' dir='ltr'><strong>ostenderem—</strong></span> <span class='ocrx_word' id='word_1_236' title='bbox 565 2241 644 2279; x_wconf 68' lang='lat' dir='ltr'><strong>Da.</strong></span> <span class='ocrx_word' id='word_1_237' title='bbox 667 2240 785 2280; x_wconf 90' lang='lat' dir='ltr'><strong>Certo</strong></span> <span class='ocrx_word' id='word_1_238' title='bbox 797 2240 889 2280; x_wconf 88' lang='lat' dir='ltr'><strong>scio.</strong></span> <span class='ocrx_word' id='word_1_239' title='bbox 946 2240 987 2280; x_wconf 94' lang='lat' dir='ltr'>N</span> <span class='ocrx_word' id='word_1_240' title='bbox 991 2254 1027 2280; x_wconf 79' lang='lat' dir='ltr'><strong>A.</strong></span> <span class='ocrx_word' id='word_1_241' title='bbox 1050 2242 1139 2286; x_wconf 83' lang='lat' dir='ltr'><strong>Quo</strong></span> <span class='ocrx_word' id='word_1_242' title='bbox 1153 2248 1324 2296; x_wconf 76' lang='lat' dir='ltr'><strong>pacto—</strong></span> <span class='ocrx_word' id='word_1_243' title='bbox 1355 2244 1435 2284; x_wconf 62' lang='lat' dir='ltr'><strong>Da.</strong></span> <span class='ocrx_word' id='word_1_244' title='bbox 1458 2245 1580 2285; x_wconf 81' lang='lat' dir='ltr'><strong>Parce</strong></span> 
     </span>
     <span class='ocr_line' id='line_1_32' title="bbox 284 2308 1577 2355; baseline 0.002 -8"><span class='ocrx_word' id='word_1_245' title='bbox 284 2308 408 2355; x_wconf 85' lang='lat' dir='ltr'><strong>sodes,</strong></span> <span class='ocrx_word' id='word_1_246' title='bbox 1527 2312 1577 2350; x_wconf 91' lang='grc'><strong>10</strong></span> 
     </span>
    </p>
   </div>
   <div class='ocr_carea' id='block_1_12' title="bbox 127 2372 1578 2678">
    <p class='ocr_par' dir='ltr' id='par_1_14' title="bbox 129 2372 1312 2429">
     <span class='ocr_line' id='line_1_33' title="bbox 129 2372 1312 2429; baseline 0 -14"><span class='ocrx_word' id='word_1_247' title='bbox 129 2377 182 2415; x_wconf 96' lang='lat' dir='ltr'><strong>Ut</strong></span> <span class='ocrx_word' id='word_1_248' title='bbox 199 2375 323 2429; x_wconf 86' lang='lat' dir='ltr'><strong>possis</strong></span> <span class='ocrx_word' id='word_1_249' title='bbox 342 2388 433 2414; x_wconf 88' lang='lat' dir='ltr'><strong>cum</strong></span> <span class='ocrx_word' id='word_1_250' title='bbox 451 2372 519 2412; x_wconf 89' lang='lat' dir='ltr'><strong>illa</strong></span> <span class='ocrx_word' id='word_1_251' title='bbox 533 2387 543 2422; x_wconf 96' lang='lat'>;</span> <span class='ocrx_word' id='word_1_252' title='bbox 573 2386 625 2412; x_wconf 88' lang='lat' dir='ltr'><strong>ne</strong></span> <span class='ocrx_word' id='word_1_253' title='bbox 645 2378 684 2412; x_wconf 89' lang='lat' dir='ltr'><strong>te</strong></span> <span class='ocrx_word' id='word_1_254' title='bbox 703 2372 934 2413; x_wconf 84' lang='lat' dir='ltr'><strong>adulescens</strong></span> <span class='ocrx_word' id='word_1_255' title='bbox 952 2373 1095 2414; x_wconf 85' lang='lat' dir='ltr'><strong>mulier</strong></span> <span class='ocrx_word' id='word_1_256' title='bbox 1112 2374 1312 2428; x_wconf 84' lang='lat' dir='ltr'><strong>defetiget.</strong></span> 
     </span>
    </p>

    <p class='ocr_par' dir='ltr' id='par_1_15' title="bbox 127 2439 1577 2558">
     <span class='ocr_line' id='line_1_34' title="bbox 127 2439 1577 2493; baseline 0.001 -12"><span class='ocrx_word' id='word_1_257' title='bbox 127 2442 207 2481; x_wconf 76' lang='lat' dir='ltr'><strong>NA.</strong></span> <span class='ocrx_word' id='word_1_258' title='bbox 250 2441 422 2488; x_wconf 85' lang='lat' dir='ltr'><strong>Faciam,</strong></span> <span class='ocrx_word' id='word_1_259' title='bbox 453 2444 499 2478; x_wconf 89' lang='lat' dir='ltr'><strong>ut</strong></span> <span class='ocrx_word' id='word_1_260' title='bbox 525 2439 667 2493; x_wconf 87' lang='lat' dir='ltr'><strong>jubes:</strong></span> <span class='ocrx_word' id='word_1_261' title='bbox 711 2439 780 2479; x_wconf 86' lang='lat' dir='ltr'><strong>sed</strong></span> <span class='ocrx_word' id='word_1_262' title='bbox 815 2454 950 2480; x_wconf 89' lang='lat' dir='ltr'><strong>meum</strong></span> <span class='ocrx_word' id='word_1_263' title='bbox 982 2441 1112 2481; x_wconf 85' lang='lat' dir='ltr'><strong>virum</strong></span> <span class='ocrx_word' id='word_1_264' title='bbox 1142 2441 1212 2482; x_wconf 88' lang='lat' dir='ltr'><strong>abs</strong></span> <span class='ocrx_word' id='word_1_265' title='bbox 1243 2447 1282 2482; x_wconf 91' lang='lat' dir='ltr'><strong>te</strong></span> <span class='ocrx_word' id='word_1_266' title='bbox 1315 2441 1422 2482; x_wconf 83' lang='lat' dir='ltr'><strong>exire</strong></span> <span class='ocrx_word' id='word_1_267' title='bbox 1452 2442 1577 2484; x_wconf 78' lang='lat' dir='ltr'><strong>video,</strong></span> 
     </span>
     <span class='ocr_line' id='line_1_35' title="bbox 282 2505 798 2558; baseline -0.004 -12"><span class='ocrx_word' id='word_1_268' title='bbox 282 2508 363 2551; x_wconf 78' lang='lat' dir='ltr'><strong>Cu.</strong></span> <span class='ocrx_word' id='word_1_269' title='bbox 403 2505 557 2546; x_wconf 80' lang='lat' dir='ltr'><strong>Ehem!</strong></span> <span class='ocrx_word' id='word_1_270' title='bbox 587 2505 798 2558; x_wconf 90' lang='lat' dir='ltr'><strong>Demipho,</strong></span> 
     </span>
    </p>

    <p class='ocr_par' dir='ltr' id='par_1_16' title="bbox 129 2571 1578 2678">
     <span class='ocr_line' id='line_1_36' title="bbox 129 2571 1578 2626; baseline -0.001 -10"><span class='ocrx_word' id='word_1_271' title='bbox 129 2578 155 2615; x_wconf 82' lang='lat' dir='ltr'><strong>J</strong></span> <span class='ocrx_word' id='word_1_272' title='bbox 158 2589 224 2616; x_wconf 87' lang='lat' dir='ltr'><strong>am</strong></span> <span class='ocrx_word' id='word_1_273' title='bbox 241 2574 299 2614; x_wconf 87' lang='lat' dir='ltr'><strong>illi</strong></span> <span class='ocrx_word' id='word_1_274' title='bbox 318 2574 453 2613; x_wconf 86' lang='lat' dir='ltr'><strong>datum</strong></span> <span class='ocrx_word' id='word_1_275' title='bbox 473 2578 532 2613; x_wconf 85' lang='lat' dir='ltr'><strong>est</strong></span> <span class='ocrx_word' id='word_1_276' title='bbox 550 2573 787 2626; x_wconf 84' lang='lat' dir='ltr'><strong>argentum?</strong></span> <span class='ocrx_word' id='word_1_277' title='bbox 846 2573 925 2612; x_wconf 72' lang='lat' dir='ltr'><strong>DE.</strong></span> <span class='ocrx_word' id='word_1_278' title='bbox 959 2572 1104 2613; x_wconf 87' lang='lat' dir='ltr'><strong>Curavi</strong></span> <span class='ocrx_word' id='word_1_279' title='bbox 1121 2572 1237 2614; x_wconf 80' lang='lat' dir='ltr'><strong>illico.</strong></span> <span class='ocrx_word' id='word_1_280' title='bbox 1308 2574 1382 2613; x_wconf 74' lang='lat' dir='ltr'><strong>Cn.</strong></span> <span class='ocrx_word' id='word_1_281' title='bbox 1418 2571 1578 2614; x_wconf 85' lang='lat' dir='ltr'><strong>Nollem</strong></span> 
     </span>
     <span class='ocr_line' id='line_1_37' title="bbox 289 2639 438 2678; baseline 0 0"><span class='ocrx_word' id='word_1_282' title='bbox 289 2639 438 2678; x_wconf 85' lang='lat' dir='ltr'><strong>datum.</strong></span> 
     </span>
    </p>
   </div>
   <div class='ocr_carea' id='block_1_13' title="bbox 133 2686 1577 2759">
    <p class='ocr_par' dir='ltr' id='par_1_17' title="bbox 133 2686 1577 2759">
     <span class='ocr_line' id='line_1_38' title="bbox 133 2686 1577 2759; baseline 0 -13"><span class='ocrx_word' id='word_1_283' title='bbox 133 2706 239 2746; x_wconf 83' lang='lat' dir='ltr'><strong>Hei!</strong></span> <span class='ocrx_word' id='word_1_284' title='bbox 268 2706 384 2746; x_wconf 85' lang='lat' dir='ltr'><strong>video</strong></span> <span class='ocrx_word' id='word_1_285' title='bbox 402 2719 568 2746; x_wconf 87' lang='lat' dir='ltr'><strong>uxorem</strong></span> <span class='ocrx_word' id='word_1_286' title='bbox 585 2719 594 2745; x_wconf 73' lang='grc' dir='ltr'><em>τ</em></span> <span class='ocrx_word' id='word_1_287' title='bbox 622 2718 737 2759; x_wconf 86' lang='lat' dir='ltr'><strong>paene</strong></span> <span class='ocrx_word' id='word_1_288' title='bbox 755 2705 856 2759; x_wconf 88' lang='lat' dir='ltr'><strong>plus,</strong></span> <span class='ocrx_word' id='word_1_289' title='bbox 878 2719 997 2759; x_wconf 86' lang='lat' dir='ltr'><strong>quam</strong></span> <span class='ocrx_word' id='word_1_290' title='bbox 1017 2711 1076 2747; x_wconf 86' lang='lat' dir='ltr'><strong>sat</strong></span> <span class='ocrx_word' id='word_1_291' title='bbox 1094 2710 1188 2746; x_wconf 87' lang='lat' dir='ltr'><strong>erat.</strong></span> <span class='ocrx_word' id='word_1_292' title='bbox 1232 2686 1325 2747; x_wconf 34' lang='lat' dir='ltr'><strong>*Dru</strong></span> <span class='ocrx_word' id='word_1_293' title='bbox 1346 2706 1426 2746; x_wconf 87' lang='lat' dir='ltr'><strong>Cur</strong></span> <span class='ocrx_word' id='word_1_294' title='bbox 1443 2706 1577 2757; x_wconf 84' lang='lat' dir='ltr'><strong>nolles,</strong></span> 
     </span>
    </p>
   </div>
   <div class='ocr_carea' id='block_1_14' title="bbox 293 2770 491 2811">
    <p class='ocr_par' dir='ltr' id='par_1_18' title="bbox 293 2770 491 2811">
     <span class='ocr_line' id='line_1_39' title="bbox 293 2770 491 2811; baseline -0.005 0"><span class='ocrx_word' id='word_1_295' title='bbox 293 2770 462 2811; x_wconf 79' lang='lat' dir='ltr'><strong>Chreme</strong></span> <span class='ocrx_word' id='word_1_296' title='bbox 476 2771 491 2810; x_wconf 70' lang='lat'><em>2</em></span> 
     </span>
    </p>
   </div>
   <div class='ocr_carea' id='block_1_15' title="bbox 1627 0 1670 750">
    <p class='ocr_par' dir='ltr' id='par_1_19' title="bbox 1627 0 1670 750">
     <span class='ocr_line' id='line_1_40' title="bbox 1627 0 1670 750; baseline 0 2330"><span class='ocrx_word' id='word_1_297' title='bbox 1627 0 1670 750; x_wconf 95' lang='lat' dir='ltr'><strong> </strong></span> 
     </span>
    </p>
   </div>
   <div class='ocr_carea' id='block_1_16' title="bbox 1651 747 1670 840">
    <p class='ocr_par' dir='ltr' id='par_1_20' title="bbox 1651 747 1670 840">
     <span class='ocr_line' id='line_1_41' title="bbox 1651 747 1670 840; baseline 0 -2"><span class='ocrx_word' id='word_1_298' title='bbox 1651 747 1670 840; x_wconf 59' lang='grc' dir='ltr'>ἐ</span> 
     </span>
    </p>
   </div>
  </div>
 </body>
</html>
