1670 3080
459 157 617 189 ACTUS
655 157 724 189 ιν.
795 157 960 189 SCENA
998 159 1051 189 11.
1416 146 1498 195 Π]

41 246 169 300 Roga,
191 245 336 287 velitne
356 258 491 284 annon
511 242 704 285 uxorem:
734 246 767 285 si
787 251 858 295 est,
878 252 925 286 ut
943 246 1050 286 dicat
1068 245 1170 286 velle
1190 260 1243 294 se,

39 313 202 354 Redde:
232 312 294 352 sin
314 318 372 352 est
391 317 536 361 autem,
559 318 605 351 ut
623 312 735 362 nolit,
755 319 862 352 recte
883 313 1064 353 consului
1083 327 1198 353 meae.

41 379 116 420 Pu.
166 380 207 419 Si
244 379 405 432 quidem
441 378 508 418 ille
545 379 630 432 ipse
667 392 749 418 non
770 379 862 427 volt,
903 385 943 418 et
989 385 1033 419 tu
1071 379 1206 429 sensti,
1245 393 1329 420 esse
1366 380 1409 420 in
1447 394 1506 429 eo,

201 444 425 498 Myrrhina,
1150 468 1152 470 v
1454 447 1507 485 45

38 513 252 553 Peccatum
268 526 278 561 ;
308 511 481 560 aderam,
503 511 615 564 cujus
634 510 797 550 consilio
816 510 947 550 fuerat
966 525 1015 551 ea
1033 525 1106 565 par
1124 511 1308 565 prospici.

37 579 307 624 Quamobrem
326 578 518 618 incendor
537 578 607 627 ira,
629 583 668 617 te
689 591 827 617 ausam
846 578 977 617 facere
997 578 1085 618 haec
1105 578 1259 632 injussu
1277 592 1391 619 meo:

38 646 251 695 Interdico,
270 660 323 686 ne
343 645 530 686 extulisse
550 651 663 684 extra
681 644 788 684 aedes
806 658 976 698 puerum
995 659 1164 698 usquam
1184 645 1295 685 velis.

37 713 117 754 Sed
135 728 210 767 ego
230 713 397 762 stultior,
419 713 520 753 meis
539 712 653 752 dictis
671 725 810 765 parere
830 711 935 751 hanc
955 713 1024 765 qui
1042 712 1253 765 postulem.

38 781 111 822 Ibo
130 781 246 830 intro,
268 787 387 834 atque
408 781 563 820 edicam
582 779 716 828 servis,
738 793 789 819 ne
809 792 1011 832 quoquam
1031 780 1162 819 efferri
1181 780 1323 819 sinant.
1455 782 1509 820 50

38 847 126 887 Mv.
165 847 332 887 Nullam
349 847 418 901 pol
437 847 555 887 credo
574 846 784 886 mulierem
802 860 867 885 me
886 846 1134 886 miseriorem
1155 847 1290 886 vivere
1307 860 1316 885 z

36 911 144 953 Nam
163 919 209 953 ut
226 913 291 953 hic
309 913 460 953 laturus
479 913 555 953 hoc
575 913 636 962 sit,
658 913 691 952 si
710 913 838 966 ipsam
857 926 955 961 rem,
977 918 1023 952 ut
1041 913 1127 962 siet,
1148 913 1361 962 resciverit,

37 979 130 1019 Non
159 978 300 1032 edepol
328 979 432 1018 clam
457 992 522 1018 me
556 985 625 1027 est,
654 992 746 1018 cum
773 978 861 1027 hoc,
893 979 999 1031 quod
1028 978 1216 1028 levius’st,
1245 984 1328 1018 tam
1368 978 1506 1018 animo

197 1045 388 1084 iracundo
408 1044 522 1084 tulit:

38 1110 138 1158 Nec,
160 1123 240 1163 qua
259 1109 325 1149 via
343 1110 540 1149 sententia
559 1110 644 1163 ejus
663 1110 788 1163 possit
806 1109 963 1158 mutari,
986 1110 1079 1149 scio.
1321 1149 1329 1152 ,

39 1178 130 1218 Hoc
147 1177 205 1216 mi
223 1191 350 1223 unum
370 1191 422 1216 ex
439 1177 621 1231 plurimis
640 1176 808 1216 miseriis
828 1176 1027 1228 reliqiium
1045 1175 1177 1215 fuerat
1194 1175 1358 1222 malum,
1457 1177 1508 1215 55

37 1243 91 1292 Si,
112 1256 281 1296 puerum
299 1248 345 1283 ut
363 1242 512 1292 tollam,
534 1243 651 1296 cogit,
674 1242 739 1283 cui
757 1256 832 1282 nos
852 1242 921 1295 qui
941 1242 991 1281 sit
1009 1242 1210 1282 nescimus
1229 1248 1343 1295 pater
1359 1256 1367 1280 :

38 1310 147 1350 Nam
166 1324 259 1350 cum
278 1323 503 1363 compressa
522 1314 583 1348 est
600 1314 735 1362 gnata,
756 1309 886 1348 forma
903 1308 946 1347 in
966 1308 1139 1348 tenebris
1166 1307 1279 1347 nosci
1298 1320 1380 1347 non
1401 1306 1512 1360 quita

203 1382 263 1416 est
279 1391 288 1416 ε

41 1444 184 1498 Neque
204 1444 426 1486 detractum
451 1443 488 1482 ei
511 1449 597 1482 tum
617 1443 831 1496 quicquam
855 1448 925 1491 est,
948 1443 1016 1496 qui
1043 1447 1290 1498 postsposset
1312 1441 1422 1482 nosci
1442 1441 1511 1493 qui

204 1510 300 1549 siet:
680 1505 695 1508 ’
1480 1559 1483 1561 -

42 1576 134 1630 Ipse
155 1576 299 1629 eripuit
318 1575 369 1624 vi,
391 1574 433 1613 in
453 1573 578 1626 digito
599 1587 718 1626 quem
738 1573 888 1622 habuit,
911 1563 1058 1626 virgini
1078 1573 1215 1613 abiens
1235 1573 1442 1613 annulum.

41 1641 169 1682 Simul
187 1654 325 1681 vereor
345 1639 613 1693 Pamphilum,
634 1652 685 1678 ne
706 1644 817 1678 orata
835 1644 970 1678 nostra
989 1646 1164 1691 nequeat
1182 1639 1329 1679 diutius
1459 1642 1511 1678 60

41 1706 192 1756 Celare,
214 1720 307 1747 cum
326 1706 435 1755 sciet,
453 1705 630 1745 alienum
649 1718 818 1759 puerum
838 1704 923 1744 tolli
940 1719 1014 1759 pro
1033 1719 1115 1744 suo.

450 1903 627 1943 ACTUS
676 1904 751 1943 IV.
829 1903 1010 1943 SCENA
1055 1904 1112 1943 ΙΙ.

510 2006 737 2045 SOSTRATA.
788 2005 1047 2044 PAMPfflLUS.

43 2108 109 2147 So.
150 2104 250 2146 Non*
263 2105 367 2146 clam
385 2119 450 2145 me
471 2111 540 2153 est,
568 2111 689 2158 gnate
712 2104 780 2152 mi,
802 2104 875 2144 tibi
893 2118 958 2145 me
980 2118 1064 2144 esse
1085 2111 1322 2158 suspectam,
1344 2119 1513 2145 uxorem

205 2178 316 2212 tuam

44 2240 208 2293 Propter
226 2252 336 2278 meos
354 2251 485 2277 mores
503 2236 597 2276 hinc
618 2236 744 2276 abisse
763 2251 772 2275 :
804 2237 877 2276 etsi
898 2251 945 2276 ea
964 2237 1191 2277 dissimulas
1212 2238 1349 2279 sedulo
1365 2254 1374 2278 :

42 2306 196 2346 Verum
214 2305 270 2344 ita
287 2318 352 2344 me
373 2303 429 2343 Di
448 2308 594 2359 ament,
612 2302 745 2355 itaque
761 2303 972 2356 obtingant
990 2317 1042 2343 ex
1061 2310 1112 2353 te,
1130 2319 1220 2358 quae
1241 2313 1387 2359 exopto
1402 2306 1513 2355 mihi,

42 2373 100 2412 Ut
117 2385 323 2425 nunquam
342 2370 471 2411 sciens
491 2369 722 2418 commerui,
739 2370 882 2409 merito
896 2376 941 2409 ut
959 2377 1119 2424 caperet
1134 2372 1269 2412 odium
1284 2372 1395 2413 illam
1411 2373 1515 2414 mei:

43 2438 179 2491 Teque
198 2443 290 2478 ante
311 2437 417 2490 quod
434 2450 500 2475 me
520 2449 654 2475 amare
673 2436 800 2484 rebar,
822 2435 859 2475 ei
878 2436 936 2475 rei
956 2435 1123 2476 firmasti
1142 2437 1285 2477 fidem:
1491 2442 1515 2478 5

44 2503 152 2543 Nam
172 2503 228 2542 mi
247 2502 354 2542 intus
374 2508 465 2541 tuus
483 2506 598 2554 pater
615 2501 794 2540 narravit
811 2500 942 2550 modo,
965 2515 1043 2554 quo
1063 2508 1179 2555 pacto
1199 2517 1263 2542 me
1283 2503 1470 2543 habueris

0 2605 1 2616 ,
45 2569 304 2623 Praepositam
324 2567 449 2607 amori
469 2573 537 2606 tuo
555 2581 564 2606 ι
594 2580 702 2606 nunc
722 2566 793 2606 tibi
811 2580 876 2606 me
898 2573 1052 2607 certum
1071 2573 1131 2607 est
1150 2575 1288 2608 contra
1306 2570 1478 2622 gratiam

46 2635 222 2684 Referre,
243 2639 290 2674 ut
307 2633 414 2687 apud
432 2647 497 2672 me
516 2632 728 2686 praemium
749 2646 832 2672 esse
852 2633 1026 2686 positum
1045 2633 1184 2687 pietati
1203 2635 1314 2674 scias.

47 2701 110 2742 Mi
130 2700 350 2754 Pamphile,
371 2699 446 2740 hoc
468 2704 508 2738 et
526 2699 638 2738 vobis
658 2705 699 2738 et
717 2713 818 2739 meae
839 2699 1094 2739 commodum
1113 2699 1233 2739 famae
1253 2700 1422 2740 arbitror
1438 2717 1446 2741 :

49 2767 136 2822 Ego
153 2781 221 2808 rus
240 2767 436 2807 abituram
456 2766 550 2806 hinc
571 2780 663 2806 cum
682 2772 751 2806 tuo
770 2780 836 2806 me
857 2780 941 2806 esse
962 2772 1070 2806 certo
1090 2767 1248 2807 decrevi
1267 2773 1379 2821 patre
1396 2784 1406 2817 ;
1468 2772 1519 2808 10

48 2835 114 2877 Ne
132 2849 223 2876 mea
240 2835 452 2889 praesentia
470 2834 609 2883 obstet,
630 2848 711 2874 neu
730 2848 849 2874 causa
866 2834 949 2874 ulla
966 2840 1088 2874 restet
1106 2834 1271 2887 reliqiia,

769 2915 782 2940 1
804 2904 828 2940 2
