1670 3080
471 153 629 186 Aemus
666 153 744 185 111.
814 153 980 186 SCENA
1015 154 1093 187 111.
1431 143 1524 191 129

54 238 306 293 Quapropter
342 250 501 293 quoquo
536 243 655 293 pacto
691 239 864 280 taclto‘st
899 253 1011 294 opus.
1107 241 1172 281 So.
1213 241 1312 282 Ah!
1361 243 1527 283 minime

213 304 394 359 gentium
412 319 422 346 z

55 373 147 413 Non
166 373 326 414 faciam.
398 375 477 415 Ge.
508 374 616 420 Quid
634 375 723 415 ais?
797 375 863 416 So.
894 375 1112 417 Proferam.
1190 376 1261 417 Ca.
1294 376 1416 427 Hem,
1437 392 1527 417 mea

218 442 404 491 Sostrata,
425 441 528 492 vide,
550 456 670 496 quam
690 456 776 482 rem
796 456 903 497 agas.
1471 448 1523 484 45

53 507 118 546 So.
158 507 298 561 Pejore
317 521 380 548 res
398 507 487 548 loco
505 522 588 549 non
607 509 710 563 potis
730 515 790 550 est
807 524 905 560 esse,
927 524 1049 565 quam
1069 511 1111 551 in
1131 525 1212 566 quo
1231 525 1340 552 nunc
1361 512 1496 552 sita’st.

52 574 232 615 Primum
251 575 431 616 indotata
449 582 532 616 est:
563 582 649 618 tum
667 583 874 631 praeterea,
896 592 987 632 quae
1007 578 1183 618 secunda
1202 579 1238 619 ei
1257 579 1329 619 dos
1348 585 1444 626 erat,

54 641 198 682 Periit:
228 657 300 697 pro
320 644 474 697 virgine
494 644 581 684 dari
599 650 771 699 nuptum
789 659 872 685 non
891 651 1022 699 potest
1038 660 1046 685 ε
1076 645 1153 686 hoc
1172 646 1373 700 reliqiium
1395 652 1464 695 est,

51 709 93 750 Si
111 709 258 750 infitias
277 710 361 760 ibit,
384 711 493 751 testis
511 725 671 752 mecum
691 718 750 752 est
768 711 952 762 annulus,
974 726 1094 766 quem
1114 714 1198 766 ipse
1218 714 1415 754 amiserat.

51 775 267 826 Postremo,
289 778 448 831 quando
468 791 542 832 ego
561 777 660 818 mihi
680 793 767 818 sum
794 779 963 829 conscia,
990 794 1014 819 a
1037 794 1103 820 me
1125 780 1285 834 culpam
1312 795 1396 822 esse
1419 781 1524 822 hanc

210 845 360 899 procul,
1470 853 1524 889 50

49 909 193 964 Neque
211 912 383 965 pretium
403 926 534 968 neque
553 927 639 954 rem
657 913 782 954 ullam
804 915 1018 956 intercesse
1039 921 1109 955 aut
1127 915 1197 956 illa
1215 922 1285 957 aut
1309 930 1374 958 me
1394 917 1525 970 indig·
1585 911 1589 918 ’

210 992 318 1029 nam,
342 981 458 1030 Geta,

49 1045 254 1099 Experiar.
341 1047 418 1086 Gr..
458 1047 567 1093 Quid
594 1047 712 1088 istic?
741 1048 850 1098 cedo,
882 1055 928 1090 ut
959 1049 1103 1090 melius
1133 1050 1254 1091 dicas.
1343 1052 1405 1091 So.
1447 1052 1521 1101 Tu,

211 1119 405 1167 quantum
424 1119 548 1167 potes,

48 1179 140 1229 Abi,
162 1189 280 1234 atque
302 1181 481 1235 Hegioni
501 1189 670 1236 cognato
688 1183 807 1238 hujus
826 1198 912 1224 rem
932 1191 1117 1225 enarratu
1136 1200 1298 1226 omnem
1319 1186 1456 1226 ordine
1475 1202 1483 1226 ε

49 1246 156 1287 Nam
175 1247 208 1287 is
227 1253 361 1288 nostro
383 1249 534 1290 Simulo
553 1250 630 1290 fuit
647 1265 839 1301 summus,
862 1258 902 1292 et
920 1266 993 1292 nos
1013 1253 1135 1293 coluit
1154 1267 1356 1294 maxume.

50 1315 128 1354 Gn.
169 1314 277 1354 Nam
294 1314 428 1356 hercle
448 1316 548 1357 alius
566 1331 687 1358 nemo
705 1319 866 1372 respicit
883 1333 968 1360 nos.
1056 1321 1122 1360 So.
1163 1321 1334 1374 Pr0pere
1354 1327 1409 1370 tu,
1432 1335 1521 1363 mea

214 1381 425 1432 Canthara,
1469 1391 1520 1428 55

49 1448 197 1488 Curre:
228 1449 478 1490 obstetricem
505 1464 683 1491 arcesse:
712 1457 769 1501 ut,
797 1466 888 1492 cum
918 1467 1017 1507 opus
1040 1455 1101 1503 sit,
1130 1468 1181 1494 ne
1206 1454 1249 1495 in
1272 1469 1385 1496 mora
1407 1456 1521 1496 nobis

210 1516 296 1557 siet.

456 1718 634 1759 ACTUS
665 1720 748 1761 III.
808 1721 991 1763 SCENA
1021 1723 1104 1763 ΙΙΙ.

599 1822 767 1863 Duum.
826 1824 973 1864 Srnus.

47 1921 126 1961 Dr..
167 1921 364 1975 Disperii:
396 1921 680 1975 Ctesiphonem
701 1923 837 1964 audivi
856 1924 983 1965 filium

46 1986 140 2029 Una
158 1989 331 2029 adfuisse
350 1989 392 2029 in
411 1990 591 2043 raptione
611 2003 703 2030 cum
723 1991 928 2033 AEschino.

48 2056 98 2097 Id
115 2057 260 2096 misero
277 2062 399 2097 restat
416 2057 515 2096 mihi
534 2057 641 2108 mali,
664 2058 697 2098 si
716 2059 831 2099 illum
849 2066 991 2114 potest,

47 2124 126 2170 Qui
145 2123 263 2165 alicui
280 2124 339 2165 rei
358 2130 428 2174 est,
451 2125 572 2165 etiam
592 2138 685 2166 eum
705 2127 757 2167 ad
774 2129 995 2181 nequitiem
1015 2130 1223 2172 adducere.

45 2192 126 2232 Ubi
144 2206 218 2246 ego
235 2192 350 2233 illum
370 2190 575 2247 quaeram?
603 2194 722 2234 credo
742 2195 958 2236 abductum
977 2197 1019 2238 in
1038 2212 1214 2252 ganeum
1490 2206 1514 2243 5

46 2258 194 2314 Aliquo
210 2274 220 2299 :
248 2259 444 2312 persuasit
460 2259 527 2299 ille
546 2260 738 2314 impurus,
760 2267 821 2301 sat
839 2263 932 2303 scio.

46 2325 126 2366 Sed
143 2339 281 2366 eccum
302 2326 448 2379 Syrum
467 2326 525 2366 ire
545 2326 663 2367 video
680 2341 689 2367 z
719 2327 814 2368 hinc
835 2330 943 2370 scibo
955 2329 1055 2384 jam,
1075 2332 1145 2372 ubi
1165 2333 1250 2374 siet.

45 2393 179 2448 Atque
196 2393 330 2434 hercle
348 2393 413 2434 hic
434 2393 482 2434 de
500 2407 623 2447 grege
642 2393 711 2434 illo
731 2401 815 2435 est:
846 2396 880 2436 si
897 2411 963 2437 me
983 2399 1150 2439 senserit

44 2461 149 2503 Eum
167 2462 389 2516 quaeritare,
410 2475 619 2516 nunquam
639 2462 744 2503 dicet
762 2465 966 2504 carnufex.

44 2527 138 2569 Non
157 2529 375 2579 ostendam,
396 2529 438 2569 id
456 2543 522 2569 me
540 2529 656 2569 velle.
743 2531 810 2570 SY.
852 2532 1028 2572 Omnem
1047 2546 1133 2574 rem
1152 2534 1272 2576 modo
1292 2537 1388 2586 seni,
1463 2541 1514 2579 10

45 2597 133 2642 Quo
150 2604 267 2652 pacto
285 2598 462 2648 haberet,
484 2612 715 2639 enarramus
734 2598 885 2640 ordine.

45 2662 114 2704 Nil
132 2665 344 2719 quicquam
363 2666 447 2706 vidi
464 2665 608 2706 laetius.
694 2666 775 2706 Dr..
815 2666 893 2707 Pro
914 2668 1096 2721 Jupiter!

46 2724 231 2772 Hominis
249 2733 456 2773 stultitiam
473 2733 483 2773 l
569 2734 637 2774 SY.
677 2733 927 2774 Collaudavit
945 2735 1072 2776 filium
1089 2752 1098 2776 ε

45 2795 160 2848 Mihi,
181 2799 250 2853 qui
266 2792 312 2840 id'
327 2800 524 2841 dedissem
543 2800 765 2850 consilium,
788 2802 871 2854 egit
888 2803 1047 2855 gratias.

45 2863 125 2906 Dr..
162 2866 410 2927 Disrumpor.
497 2867 565 2909 SY.
607 2869 833 2921 Argentum
853 2870 1133 2910 annumeravit
1151 2871 1256 2912 illico
1274 2886 1282 2911 :
1462 2877 1509 2914 15

749 2946 776 2974 α
794 2935 820 2973 3
