1670 3080
104 133 169 182 72
703 148 987 181 Emmenus,

105 233 177 272 ΡΑ.
221 231 440 272 Audaciam
459 232 712 271 meretricum
731 239 877 285 specta.
966 233 1038 272 LA.
1082 233 1287 286 Numquid
1306 239 1365 274 est

101 300 224 340 Aliud
246 300 342 340 mali
362 300 560 348 damnive,
583 301 688 352 quod
707 314 788 339 non
809 301 967 349 dixeris,
1516 303 1567 342 25

104 368 347 420 Reliquom?
430 368 502 407 ΡΑ.
542 368 717 407 Tantum
738 373 807 407 est.
896 368 971 408 LA.
1013 367 1130 407 Cesso
1152 367 1229 406 huc
1248 367 1568 421 introrumpere?

101 435 174 475 ΡΛ.
214 436 308 475 Non
328 435 493 475 dubium
513 441 582 483 est,
605 435 700 488 quin
721 435 778 473 mi
796 448 993 486 magnum
1014 447 1065 472 ex
1084 433 1159 473 hac
1179 447 1221 472 re
1242 433 1292 473 sit
1309 434 1487 474 malum:
1539 464 1542 466 Α

101 501 190 540 Nisi
210 501 304 554 quia
322 515 530 540 necessum
549 501 625 540 fuit
643 501 718 539 hoc
738 501 870 539 facere
888 514 896 538 z
927 500 969 538 id
987 500 1155 551 gaudeo,

101 568 266 621 Propter
284 583 348 608 me
364 568 471 608 hisce
492 568 641 620 aliquid
660 581 742 606 esse
764 572 1000 605 eventurum
1020 565 1115 604 mali
1132 580 1141 604 :

99 635 207 675 Nam
221 635 378 688 jamdiu
397 636 571 688 aliquam
591 649 750 674 causam
772 635 977 687 quaerebat
996 648 1130 682 senex,
1330 638 1338 645 '
1515 637 1570 675 30

99 703 368 748 Quamobrem
388 703 543 756 insigne
564 703 714 755 aliquid
731 703 879 742 faceret
898 702 944 740 iis
963 716 970 738 :
1001 715 1108 741 nunc
1128 702 1286 755 reperitI

530 940 707 980 ACTUS
739 941 789 979 V.
849 940 1029 979 SCENA
1061 941 1135 979 VI.

589 1053 788 1091 Pr'rmAs.
848 1053 1067 1092 PARMENo.

99 1167 170 1207 ΡΥ.
220 1166 439 1219 Nunquam
478 1164 618 1218 edepol
656 1164 868 1217 quiequam
901 1164 1069 1217 jamdiu,
1111 1165 1218 1217 quod
1254 1165 1384 1219 magis
1420 1165 1566 1206 vellem

262 1246 432 1281 evemre,

99 1298 162 1339 Mi
182 1299 324 1347 evenit,
347 1312 468 1351 quam
488 1297 594 1350 quod
612 1291 731 1336 modo
752 1311 876 1336 senex
894 1297 998 1336 intro
1018 1298 1070 1337 ad
1088 1312 1160 1337 nos
1179 1298 1290 1338 venit
1309 1312 1457 1339 errans.
1663 1346 1670 1351 ἡ

99 1366 203 1405 Mihi
224 1366 317 1405 solae
337 1364 503 1404 ridiculo
522 1365 608 1413 fuit,
632 1378 733 1416 quae,
757 1365 852 1416 quid
871 1365 1039 1412 timeret,
1062 1365 1224 1405 scibam.
1639 1375 1641 1378 ⁴
1659 1391 1670 1439 l

97 1433 169 1472 ΡΑ.
211 1432 319 1477 Quid
345 1431 420 1470 hoc
451 1431 664 1470 autem'st?
747 1431 819 1469 ΡΥ.
861 1430 980 1470 Nunc
1006 1431 1048 1470 id
1075 1431 1236 1484 prodeo,
1261 1438 1306 1472 ut
1331 1432 1566 1473 conveniam

263 1499 570 1538 Parmenonem.
1566 1540 1567 1544 Ἰ

97 1566 175 1607 Sed
195 1566 274 1616 ubi,
296 1567 469 1614 obsecro,
492 1565 576 1604 est?
634 1565 706 1604 ΡΑ.
747 1565 818 1617 Me
840 1566 982 1618 quaerit
1000 1566 1100 1606 haec.
1160 1568 1233 1608 ΡΥ.
1273 1569 1408 1622 Atque
1429 1582 1567 1608 eccum

261 1633 402 1673 video:
434 1632 562 1672 adibo.
1541 1638 1566 1676 5

97 1702 168 1741 ΡΑ.
209 1701 317 1745 Quid
354 1706 423 1747 est,
464 1699 630 1752 inepta?
677 1699 772 1752 quid
810 1700 879 1739 tibi
920 1702 1009 1740 est?
1065 1701 1162 1754 quid
1196 1702 1332 1742 rides?
1386 1703 1571 1757 pergin'2

262 1768 334 1806 ΡΥ.
376 1766 508 1805 Perii:

96 1834 263 1872 Defessa
275 1833 361 1885 jam
382 1841 470 1870 sum
490 1832 634 1870 misera
653 1837 691 1870 te
711 1831 888 1871 ridendo.
941 1834 1013 1872 ΡΑ.
1032 1834 1139 1878 Quid
1156 1835 1241 1874 ita?
1289 1835 1360 1875 ΡΥ.
1375 1832 1572 1889 Rogitas?

96 1899 315 1950 Nunquam
335 1897 402 1949 pol
420 1897 626 1936 hominem
646 1897 865 1937 stultiorem
885 1900 977 1948 vidi,
1000 1914 1075 1939 nec
1095 1900 1250 1941 videbo.
1311 1901 1379 1942 Ah
1395 1902 1404 1941 !

96 1964 191 2003 Non
209 1976 371 2016 possum
391 1963 483 2001 satis
503 1976 675 2010 narrare,
699 1976 796 2014 quos
818 1963 931 2003 ludos
950 1966 1166 2017 praebueris
1185 1967 1293 2007 intus

97 2031 155 2069 At
174 2030 293 2069 etiam
312 2028 440 2081 primo
461 2028 648 2067 callidum
668 2042 713 2067 ac
735 2029 924 2068 disertum
945 2031 1094 2070 credidi
1113 2031 1330 2073 hominem.
1516 2037 1565 2074 10
1639 2004 1670 2096 ἓ

97 2097 233 2143 Quid?
260 2095 418 2134 illicone
439 2094 598 2133 eredere
620 2108 679 2142 ea,
703 2109 792 2147 quae
812 2096 907 2144 dixi,
931 2097 1104 2149 oportuit
1122 2099 1191 2137 te?
1644 2098 1664 2139 ἓ

98 2166 165 2204 An
184 2163 404 2217 poenitebat
422 2162 560 2214 flagiti,
583 2168 622 2200 te
642 2167 801 2200 auctore
823 2163 930 2215 quod
948 2163 1106 2203 fecisset

97 2230 358 2276 Adulescens,
381 2229 423 2267 ni
442 2229 633 2267 miserum
653 2229 815 2281 insuper
835 2229 955 2267 etiam
974 2229 1078 2281 patri
1099 2229 1326 2270 indicares?

97 2297 206 2336 Nam
226 2295 322 2348 quid
340 2295 398 2333 illi
419 2294 544 2333 credis
564 2294 688 2333 animi
707 2300 793 2332 tum
811 2294 944 2342 fuisse,
966 2295 1035 2333 ubi
1054 2301 1205 2335 vestem
1226 2297 1325 2337 vidit
1562 2292 1566 2295 ”
1643 2283 1667 2343 ²³3

98 2363 218 2403 Illam
239 2376 323 2401 esse
343 2376 435 2401 eum
454 2362 640 2400 indutum
658 2362 798 2414 pater?
827 2361 951 2413 quid?
973 2361 1060 2413 jam
1080 2362 1166 2411 scis,
1188 2368 1227 2402 te
1245 2364 1423 2416 perisse?
1517 2368 1566 2406 15

99 2430 171 2469 ΡΑ.
212 2430 321 2468 Hem
338 2428 346 2467 !
379 2428 474 2480 quid
494 2428 637 2476 dixisti,
659 2428 874 2480 pessuma?
903 2441 953 2466 an
973 2429 1140 2467 mentita
1160 2430 1230 2468 es?
1258 2431 1378 2470 etiam
1397 2432 1531 2472 rides?

100 2496 204 2536 Itan’
223 2495 401 2548 lepidum
422 2494 494 2533 tibi
513 2494 641 2532 visum
661 2499 731 2542 est,
754 2493 891 2541 scelus,
913 2507 985 2532 nos
1004 2494 1197 2534 irridere?
1267 2496 1339 2536 ΡΥ.
1372 2497 1411 2536 N
1413 2494 1566 2539 imium.

99 2563 171 2602 ΡΑ.
196 2562 400 2614 Siquidem
420 2561 520 2600 istuc
541 2561 704 2613 impune
724 2559 919 2599 habueris.
979 2560 1051 2599 ΡΥ.
1076 2561 1241 2602 Verum.
1291 2563 1363 2603 ΡΑ.
1385 2563 1567 2605 Reddam
1630 2574 1645 2610 ft

258 2627 404 2667 hercle.
491 2627 564 2665 PY.
606 2626 744 2665 Credo.

99 2697 178 2737 Sed
196 2696 239 2735 in
258 2695 364 2735 diem
383 2694 495 2742 istuc,
519 2693 728 2740 Parmeno,
751 2698 810 2731 est
827 2692 1005 2740 fortasse,
1029 2692 1136 2744 quod
1154 2693 1321 2733 minare.
1559 2690 1562 2694 ’
1630 2682 1655 2738 {i

98 2764 161 2802 Tu
175 2762 262 2814 jam
280 2760 482 2815 pendebis‚
506 2760 574 2811 qui
594 2759 758 2798 stultum
778 2758 1122 2798 adulescentulum
1142 2759 1328 2799 nobilitas
1513 2763 1567 2802 20

100 2828 289 2882 Flagitiis,
311 2833 351 2867 et
368 2827 471 2881 patri
490 2826 642 2866 indicas
659 2840 667 2865 ε
698 2832 863 2877 uterque
885 2824 1068 2871 exempla
1086 2824 1130 2864 in
1150 2830 1189 2864 te
1209 2824 1343 2866 edent.
1619 2817 1631 2882 J

1611 3020 1645 3080 ἐξ
