1670 3080
117 169 181 217 ’ΤΟ
699 181 982 213 EUNUCHUS.

118 270 210 310 Sine
231 274 375 319 sumtu,
397 269 480 309 sine
501 269 732 323 dispendio:
762 275 848 308 tum
866 269 942 309 hoc
963 268 1143 318 alterum,

79 333 81 337 ’
117 336 167 377 Id
185 338 339 386 vero’st,
363 337 468 390 quod
487 351 560 390 ego
579 337 679 376 mihi
697 346 793 390 puto
811 336 1049 390 palmarium

117 402 188 442 Me
207 403 410 456 reperisse,
432 416 510 455 quo
529 402 647 442 modo
667 402 984 442 adulescentulus

116 468 378 509 Meretricum
397 469 561 522 ingenia
579 474 620 508 et
637 482 767 508 mores
785 475 917 522 posset
936 481 1110 518 noscere,
1531 469 1582 509 10

38 586 43 587 ⁷
116 534 276 574 Mature
294 540 340 574 ut
359 548 450 574 cum
470 535 660 587 cognorit,
681 540 872 587 perpetuo
892 535 1028 573 oderit.

116 601 217 645 Quae
237 600 332 640 dum
351 601 444 639 foris
464 606 566 648 sunt,
588 600 646 639 nil
664 600 821 639 videtur
839 600 1037 648 mundius,

116 665 203 705 Nec
224 666 351 719 magis
371 666 634 718 compositum
654 666 878 718 quicquam,
900 679 974 705 nec
993 665 1121 719 magis
1140 665 1328 720 elegam:

116 733 217 777 Quae
237 746 329 772 cum
349 738 523 772 amatore
545 746 615 771 suo
635 746 727 771 cum
748 739 921 782 coenant,
942 733 1146 786 liguriunt.

118 799 276 840 Harum
295 794 638 848 videreilluviem,
661 799 807 848 sordes,
828 800 1018 853 inopiam,
1532 800 1581 840 15

118 866 251 911 Quam
271 865 494 905 inhonestae
515 865 608 905 solae
629 866 708 905 sint
726 866 846 915 domi,
868 872 986 919 atque
1007 866 1134 906 avidae
1155 865 1257 915 cibi;

117 935 206 978 Quo
226 940 341 987 pacto
362 947 413 972 ex
426 934 516 987 jure
535 933 721 973 hesterno
739 947 885 986 panem
906 939 1036 973 atrum
1054 939 1220 982 vorent;

118 1000 246 1040 Nosse
267 1000 402 1040 omnia
420 1000 507 1040 haec
528 1000 645 1039 saluti
665 1006 723 1039 est
741 999 1058 1039 adulescentulis.

118 1068 190 1107 ΡΥ.
231 1067 317 1120 Ego
336 1067 403 1120 pol
422 1073 460 1107 te
480 1081 551 1120 pro
570 1067 654 1106 istis
673 1067 787 1106 dietis
808 1073 847 1106 et
865 1067 989 1116 factis,
1011 1066 1148 1116 scelus,

117 1135 320 1185 Ulciscar3
351 1141 396 1174 ut
413 1149 464 1174 ne
484 1135 648 1188 impune
669 1148 741 1174 nos
760 1134 939 1174 illuseris.
1529 1135 1582 1173 20

119 1203 197 1243 Pro
218 1203 353 1242 Deum
372 1203 505 1252 fidem,
527 1202 682 1242 facinus
700 1202 853 1242 foedum
869 1202 878 1240 Ξ
911 1203 947 1241 O
966 1201 1168 1241 infelicem
1187 1199 1555 1242 adulescentulum!

121 1271 157 1309 Ο
180 1270 390 1310 scelestum
414 1270 719 1318 Parmenonem,
742 1269 810 1322 qui
835 1268 955 1308 istum
984 1268 1063 1308 huc
1089 1268 1280 1318 adduxit!
1365 1267 1438 1307 ΡΛ.
1478 1266 1585 1313 Quid

281 1341 340 1375 est

119 1404 191 1443 ΡΥ.
233 1403 399 1443 Miseret
418 1416 506 1443 me:
536 1403 671 1455 itaque
689 1408 735 1442 ut
753 1416 803 1442 ne
823 1400 1010 1450 viderem,
1032 1401 1177 1440 misera
1194 1399 1273 1440 huc
1293 1398 1415 1452 effugi
1432 1399 1549 1447 foras,

119 1471 220 1514 Quae
239 1469 373 1509 futura
392 1468 577 1522 exempla
595 1469 733 1508 dicunt
751 1468 792 1507 in
813 1481 906 1508 eum
925 1467 1102 1520 indigna.
1188 1466 1261 1506 ΡΑ.
1302 1467 1339 1506 Ο
1359 1465 1529 1519 Jupiter,

120 1537 221 1581 Quae
258 1535 361 1576 illaec
399 1535 593 1575 turba'st?
639 1547 834 1574 numnam
872 1547 946 1587 ego
982 1532 1112 1586 perii?
1157 1532 1301 1572 adibo:
1344 1530 1441 1585 quid
1471 1531 1585 1579 istuc,

282 1603 446 1656 Pythias
459 1604 475 1642 Γ.)
1531 1599 1583 1638 25

120 1672 227 1716 Quid
246 1671 333 1711 ais?
360 1672 402 1710 in
422 1685 542 1724 quem
562 1669 745 1723 exempla
764 1668 891 1708 fient?
974 1667 1047 1707 ΡΥ.
1086 1666 1262 1719 Rogitas,
1284 1664 1588 1705 audacissume?

120 1737 330 1777 Perdidisti
350 1738 481 1786 istum,
504 1750 623 1789 quern
643 1735 808 1776 adduxti
826 1748 898 1788 pro
919 1733 1126 1782 Eunucho,
1147 1731 1501 1781 adulescentulum,

120 1804 230 1843 Dum
251 1803 383 1843 studes
403 1803 495 1842 dare
515 1803 637 1842 verba
655 1802 780 1841 nobis.
839 1802 911 1841 ΡΑ.
933 1800 1041 1845 Quid
1059 1800 1141 1840 ita?
1159 1805 1230 1840 aut
1247 1799 1343 1853 quid
1360 1799 1511 1839 facmm
1525 1798 1588 1838 st?

283 1870 391 1908 cedo.

120 1937 192 1976 ΡΥ.
233 1937 396 1975 Dicam:
426 1935 624 1987 virginem
643 1935 771 1983 istam,
793 1933 936 1973 Thaidi
954 1933 1071 1973 hodie
1091 1945 1181 1985 quoe
1201 1931 1305 1972 dono
1323 1931 1476 1980 datast,

120 2004 203 2043 Scis
223 2017 312 2043 eam
333 2003 461 2042 civem
481 2002 574 2042 hinc
595 2002 709 2041 esse?
728 2007 768 2040 et
781 2001 945 2039 fratrem
961 2000 997 2039 ei
1016 2012 1099 2038 esse
1115 1998 1294 2052 apprime
1313 1997 1515 2038 nobilem?
1533 1999 1586 2037 30

120 2071 192 2109 ΡΑ.
234 2059 392 2109 Nescio.
478 2069 551 2107 ΡΥ.
591 2067 717 2120 Atqui
737 2067 791 2106 sic
811 2066 1025 2106 inventa’st
1041 2080 1049 2105 :
1081 2079 1170 2105 eam
1187 2065 1261 2105 iste
1280 2064 1435 2105 vitiavit
1452 2064 1584 2104 miser.

118 2136 194 2185 Ille
214 2136 283 2175 ubi
302 2136 343 2175 id
361 2135 520 2174 rescivit
537 2134 688 2173 factum
706 2133 828 2172 frater
846 2131 1208 2172 violentissimus—-

119 2203 192 2252 ΡΑ.
232 2202 434 2246 Quidnam
453 2201 576 2240 fecit?
631 2201 703 2239 ΡΥ.
741 2198 950 2251 Colligavit
967 2198 1142 2251 primum
1161 2211 1253 2237 eum
1271 2197 1425 2237 miseris
1443 2196 1583 2236 modis.

119 2269 192 2308 PA:
225 2268 463 2321 Colligavit?
519 2267 591 2307 ΡΥ.
623 2266 676 2304 Et
696 2265 857 2318 quidem
877 2271 1026 2314 orante,
1047 2270 1093 2304 ut
1110 2278 1162 2304 ne
1181 2264 1223 2304 id
1241 2264 1401 2313 faceret,
1418 2263 1583 2304 Thaide.

119 2338 192 2377 ΡΑ.
233 2337 340 2382 Quid
360 2336 447 2375 ais?
530 2335 603 2374 Pr.
642 2333 763 2372 Nunc
782 2332 959 2372 minatur
977 2345 1094 2385 porro
1113 2345 1198 2371 sese
1217 2331 1270 2380 id,
1293 2330 1399 2383 quod
1417 2329 1584 2384 moechis
1629 2327 1638 2331 ’

283 2403 382 2442 solet
398 2417 406 2440 :
1533 2397 1583 2435 35

121 2471 238 2516 Quod
261 2484 336 2523 ego
361 2481 568 2521 nunquam
587 2466 669 2506 vidi
687 2465 784 2514 fieri,
814 2477 944 2517 neque
966 2463 1100 2504 velim.
1186 2463 1261 2502 ΡΑ.
1299 2462 1390 2507 Qua
1417 2460 1584 2501 audacia
1656 2519 1658 2526 .

120 2540 294 2579 Tantum
313 2536 466 2576 facinus
485 2533 633 2573 audet?
717 2532 790 2571 ΡΥ.
830 2531 937 2575 Quid
958 2531 1014 2571 ita
1035 2529 1218 2570 tantum?
1301 2529 1373 2568 ΡΑ.
1413 2528 1482 2568 An
1500 2541 1582 2568 non

164 2604 167 2605 ⁷
281 2604 356 2644 hoc
377 2599 691 2642 maxumum’st?
1459 2592 1461 2594 ’

121 2672 219 2716 Quis
236 2670 357 2709 homo
375 2682 447 2721 pro
465 2665 623 2706 moecho
642 2676 821 2716 unquam
839 2661 939 2701 vidit
956 2661 999 2700 in
1018 2660 1136 2700 domo
1153 2658 1377 2722 meretricia

121 2737 268 2778 Prendi
301 2747 528 2788 quenquam
542 2734 574 2772 2.
641 2731 714 2770 ΡΥ.
753 2729 912 2769 Nescio.
998 2727 1071 2767 ΡΑ.
1111 2727 1169 2766 At
1197 2739 1249 2765 ne
1281 2724 1358 2765 hoc
1386 2723 1583 2773 nesciatis,

285 2802 448 2855 Pythias
463 2815 473 2850 ;

121 2872 235 2922 Dico,
253 2871 364 2911 edico
375 2868 498 2917 vobis,
511 2871 691 2907 nostrum
704 2877 786 2905 esse
798 2863 911 2903 illum
923 2861 1089 2901 herilem
1105 2859 1244 2899 filium.
1290 2859 1362 2898 Pr.
1380 2857 1510 2898 Hem!
1531 2858 1586 2897 40
