<?xml version="1.0" encoding="UTF-8"?>
<!DOCTYPE html PUBLIC "-//W3C//DTD XHTML 1.0 Transitional//EN"
    "http://www.w3.org/TR/xhtml1/DTD/xhtml1-transitional.dtd">
<html xmlns="http://www.w3.org/1999/xhtml" xml:lang="en" lang="en">
 <head>
  <title>
</title>
<meta http-equiv="Content-Type" content="text/html;charset=utf-8" />
  <meta name='ocr-system' content='tesseract 3.04.00' />
  <meta name='ocr-capabilities' content='ocr_page ocr_carea ocr_par ocr_line ocrx_word'/>
</head>
<body>
  <div class='ocr_page' id='page_1' title='image "./comoediaesext00tereuoft_0096.png"; bbox 0 0 1670 3080; ppageno 0'>
   <div class='ocr_carea' id='block_1_1' title="bbox 111 179 984 234">
    <p class='ocr_par' dir='ltr' id='par_1_1' title="bbox 111 179 984 234">
     <span class='ocr_line' id='line_1_1' title="bbox 111 179 984 234; baseline 0.001 -1"><span class='ocrx_word' id='word_1_1' title='bbox 111 187 174 233; x_wconf 83' lang='lat'><strong>58</strong></span> <span class='ocrx_word' id='word_1_2' title='bbox 703 179 984 234; x_wconf 62' lang='lat' dir='ltr'><strong>EliNucims.</strong></span> 
     </span>
    </p>
   </div>
   <div class='ocr_carea' id='block_1_2' title="bbox 108 284 1569 408">
    <p class='ocr_par' dir='ltr' id='par_1_2' title="bbox 108 284 1569 408">
     <span class='ocr_line' id='line_1_2' title="bbox 110 284 1569 341; baseline -0.001 -14"><span class='ocrx_word' id='word_1_3' title='bbox 110 287 198 341; x_wconf 91' lang='lat' dir='ltr'><strong>Ego</strong></span> <span class='ocrx_word' id='word_1_4' title='bbox 216 286 430 327; x_wconf 88' lang='lat' dir='ltr'>homuncio</span> <span class='ocrx_word' id='word_1_5' title='bbox 448 287 523 328; x_wconf 90' lang='lat' dir='ltr'><strong>hoc</strong></span> <span class='ocrx_word' id='word_1_6' title='bbox 541 301 622 327; x_wconf 85' lang='lat' dir='ltr'><strong>non</strong></span> <span class='ocrx_word' id='word_1_7' title='bbox 642 288 830 328; x_wconf 81' lang='lat' dir='ltr'><strong>fecerim?</strong></span> <span class='ocrx_word' id='word_1_8' title='bbox 850 302 924 341; x_wconf 88' lang='lat' dir='ltr'><strong>ego</strong></span> <span class='ocrx_word' id='word_1_9' title='bbox 943 301 1037 327; x_wconf 90' lang='lat' dir='ltr'><strong>vero</strong></span> <span class='ocrx_word' id='word_1_10' title='bbox 1057 286 1154 326; x_wconf 91' lang='lat' dir='ltr'><strong>illud</strong></span> <span class='ocrx_word' id='word_1_11' title='bbox 1172 285 1333 325; x_wconf 85' lang='lat' dir='ltr'><strong>fecerim</strong></span> <span class='ocrx_word' id='word_1_12' title='bbox 1352 298 1398 326; x_wconf 83' lang='lat' dir='ltr'><strong>ac</strong></span> <span class='ocrx_word' id='word_1_13' title='bbox 1417 284 1569 326; x_wconf 78' lang='lat' dir='ltr'><strong>lubens.</strong></span> 
     </span>
     <span class='ocr_line' id='line_1_3' title="bbox 108 352 1424 408; baseline 0 -16"><span class='ocrx_word' id='word_1_14' title='bbox 108 354 218 393; x_wconf 90' lang='lat' dir='ltr'><strong>Dum</strong></span> <span class='ocrx_word' id='word_1_15' title='bbox 238 354 325 393; x_wconf 86' lang='lat' dir='ltr'><strong>haec</strong></span> <span class='ocrx_word' id='word_1_16' title='bbox 344 368 502 393; x_wconf 89' lang='lat' dir='ltr'><strong>mecum</strong></span> <span class='ocrx_word' id='word_1_17' title='bbox 521 361 671 408; x_wconf 89' lang='lat' dir='ltr'><strong>reputo,</strong></span> <span class='ocrx_word' id='word_1_18' title='bbox 694 356 903 395; x_wconf 83' lang='lat' dir='ltr'><strong>arcessitur</strong></span> <span class='ocrx_word' id='word_1_19' title='bbox 921 355 1098 394; x_wconf 89' lang='lat' dir='ltr'><strong>lavatum</strong></span> <span class='ocrx_word' id='word_1_20' title='bbox 1118 354 1270 392; x_wconf 87' lang='lat' dir='ltr'><strong>interea</strong></span> <span class='ocrx_word' id='word_1_21' title='bbox 1287 352 1399 407; x_wconf 85' lang='lat' dir='ltr'><strong>virgo</strong></span> <span class='ocrx_word' id='word_1_22' title='bbox 1415 368 1424 393; x_wconf 81' lang='lat' dir='ltr'><strong><em>z</em></strong></span> 
     </span>
    </p>
   </div>
   <div class='ocr_carea' id='block_1_3' title="bbox 109 420 1568 602">
    <p class='ocr_par' dir='ltr' id='par_1_3' title="bbox 109 420 1568 602">
     <span class='ocr_line' id='line_1_4' title="bbox 109 420 1567 471; baseline 0 -11"><span class='ocrx_word' id='word_1_23' title='bbox 109 421 174 470; x_wconf 86' lang='lat' dir='ltr'><strong>Iit,</strong></span> <span class='ocrx_word' id='word_1_24' title='bbox 194 421 302 470; x_wconf 87' lang='lat' dir='ltr'><strong>lavit,</strong></span> <span class='ocrx_word' id='word_1_25' title='bbox 323 422 463 471; x_wconf 89' lang='lat' dir='ltr'><strong>rediit;</strong></span> <span class='ocrx_word' id='word_1_26' title='bbox 495 423 638 471; x_wconf 86' lang='lat' dir='ltr'><strong>deinde</strong></span> <span class='ocrx_word' id='word_1_27' title='bbox 659 437 747 462; x_wconf 87' lang='lat' dir='ltr'><strong>eam</strong></span> <span class='ocrx_word' id='word_1_28' title='bbox 766 423 808 461; x_wconf 91' lang='lat' dir='ltr'><strong>in</strong></span> <span class='ocrx_word' id='word_1_29' title='bbox 827 423 975 461; x_wconf 88' lang='lat' dir='ltr'><strong>lectum</strong></span> <span class='ocrx_word' id='word_1_30' title='bbox 994 421 1074 460; x_wconf 86' lang='lat' dir='ltr'><strong>illae</strong></span> <span class='ocrx_word' id='word_1_31' title='bbox 1095 420 1348 460; x_wconf 84' lang='lat' dir='ltr'>collocarunt.</span> <span class='ocrx_word' id='word_1_32' title='bbox 1515 421 1567 460; x_wconf 83' lang='lat'><strong>45</strong></span> 
     </span>
     <span class='ocr_line' id='line_1_5' title="bbox 109 486 1568 542; baseline 0.002 -16"><span class='ocrx_word' id='word_1_33' title='bbox 109 488 177 526; x_wconf 91' lang='lat' dir='ltr'><strong>Sto</strong></span> <span class='ocrx_word' id='word_1_34' title='bbox 197 494 441 540; x_wconf 86' lang='lat' dir='ltr'><strong>exspectans,</strong></span> <span class='ocrx_word' id='word_1_35' title='bbox 470 489 501 528; x_wconf 91' lang='lat' dir='ltr'><strong>si</strong></span> <span class='ocrx_word' id='word_1_36' title='bbox 522 489 618 541; x_wconf 89' lang='lat' dir='ltr'><strong>quid</strong></span> <span class='ocrx_word' id='word_1_37' title='bbox 642 489 698 527; x_wconf 90' lang='lat' dir='ltr'><strong>mi</strong></span> <span class='ocrx_word' id='word_1_38' title='bbox 717 489 940 541; x_wconf 86' lang='lat' dir='ltr'><strong>imperent:</strong></span> <span class='ocrx_word' id='word_1_39' title='bbox 972 487 1082 527; x_wconf 89' lang='lat' dir='ltr'><strong>venit</strong></span> <span class='ocrx_word' id='word_1_40' title='bbox 1101 501 1194 536; x_wconf 91' lang='lat' dir='ltr'><strong>una,</strong></span> <span class='ocrx_word' id='word_1_41' title='bbox 1221 486 1322 527; x_wconf 85' lang='lat' dir='ltr'><strong>heus</strong></span> <span class='ocrx_word' id='word_1_42' title='bbox 1343 492 1399 536; x_wconf 87' lang='lat' dir='ltr'><strong>tu,</strong></span> <span class='ocrx_word' id='word_1_43' title='bbox 1426 487 1568 542; x_wconf 81' lang='lat' dir='ltr'><strong>inquit,</strong></span> 
     </span>
     <span class='ocr_line' id='line_1_6' title="bbox 270 554 390 602; baseline 0 -10"><span class='ocrx_word' id='word_1_44' title='bbox 270 554 390 602; x_wconf 88' lang='lat' dir='ltr'><strong>Dore,</strong></span> 
     </span>
    </p>
   </div>
   <div class='ocr_carea' id='block_1_4' title="bbox 105 619 1573 1612">
    <p class='ocr_par' dir='ltr' id='par_1_4' title="bbox 108 619 1513 672">
     <span class='ocr_line' id='line_1_7' title="bbox 108 619 1513 672; baseline 0.001 -14"><span class='ocrx_word' id='word_1_45' title='bbox 108 619 214 672; x_wconf 88' lang='lat' dir='ltr'>Cape</span> <span class='ocrx_word' id='word_1_46' title='bbox 234 619 309 659; x_wconf 91' lang='lat' dir='ltr'><strong>hoc</strong></span> <span class='ocrx_word' id='word_1_47' title='bbox 329 620 542 668; x_wconf 91' lang='lat' dir='ltr'><strong>flabellum,</strong></span> <span class='ocrx_word' id='word_1_48' title='bbox 565 627 604 659; x_wconf 88' lang='lat' dir='ltr'><strong>et</strong></span> <span class='ocrx_word' id='word_1_49' title='bbox 623 620 830 659; x_wconf 90' lang='lat' dir='ltr'><strong>ventulum</strong></span> <span class='ocrx_word' id='word_1_50' title='bbox 848 620 941 659; x_wconf 88' lang='lat' dir='ltr'><strong>huic</strong></span> <span class='ocrx_word' id='word_1_51' title='bbox 962 619 1016 659; x_wconf 90' lang='lat' dir='ltr'><strong>sic</strong></span> <span class='ocrx_word' id='word_1_52' title='bbox 1036 620 1169 668; x_wconf 82' lang='lat' dir='ltr'><strong>facito,</strong></span> <span class='ocrx_word' id='word_1_53' title='bbox 1190 619 1287 659; x_wconf 88' lang='lat' dir='ltr'><strong>dum</strong></span> <span class='ocrx_word' id='word_1_54' title='bbox 1305 619 1488 660; x_wconf 84' lang='lat' dir='ltr'><strong>lavamur</strong></span> <span class='ocrx_word' id='word_1_55' title='bbox 1504 633 1513 659; x_wconf 92' lang='lat'>:</span> 
     </span>
    </p>

    <p class='ocr_par' dir='ltr' id='par_1_5' title="bbox 112 686 1231 740">
     <span class='ocr_line' id='line_1_8' title="bbox 112 686 1231 740; baseline -0.001 -14"><span class='ocrx_word' id='word_1_56' title='bbox 112 687 190 726; x_wconf 92' lang='lat' dir='ltr'><strong>Ubi</strong></span> <span class='ocrx_word' id='word_1_57' title='bbox 211 701 283 726; x_wconf 93' lang='lat' dir='ltr'><strong>nos</strong></span> <span class='ocrx_word' id='word_1_58' title='bbox 303 687 526 736; x_wconf 83' lang='lat' dir='ltr'><strong>laverimus,</strong></span> <span class='ocrx_word' id='word_1_59' title='bbox 549 688 581 726; x_wconf 93' lang='lat' dir='ltr'><strong>si</strong></span> <span class='ocrx_word' id='word_1_60' title='bbox 600 687 719 736; x_wconf 89' lang='lat' dir='ltr'><strong>voles,</strong></span> <span class='ocrx_word' id='word_1_61' title='bbox 741 687 872 726; x_wconf 88' lang='lat' dir='ltr'><strong>lavato</strong></span> <span class='ocrx_word' id='word_1_62' title='bbox 890 701 898 726; x_wconf 72' lang='grc' dir='ltr'>ε</span> <span class='ocrx_word' id='word_1_63' title='bbox 929 687 1080 740; x_wconf 90' lang='lat' dir='ltr'><strong>accipio</strong></span> <span class='ocrx_word' id='word_1_64' title='bbox 1101 686 1231 726; x_wconf 88' lang='lat' dir='ltr'><strong>tristis.</strong></span> 
     </span>
    </p>

    <p class='ocr_par' dir='ltr' id='par_1_6' title="bbox 107 753 1569 808">
     <span class='ocr_line' id='line_1_9' title="bbox 107 753 1569 808; baseline 0.001 -15"><span class='ocrx_word' id='word_1_65' title='bbox 107 755 188 793; x_wconf 82' lang='lat' dir='ltr'><strong>AN.</strong></span> <span class='ocrx_word' id='word_1_66' title='bbox 210 755 314 793; x_wconf 92' lang='lat' dir='ltr'><strong>Tum</strong></span> <span class='ocrx_word' id='word_1_67' title='bbox 335 755 518 807; x_wconf 86' lang='lat' dir='ltr'><strong>equidem</strong></span> <span class='ocrx_word' id='word_1_68' title='bbox 538 755 638 794; x_wconf 89' lang='lat' dir='ltr'><strong>istuc</strong></span> <span class='ocrx_word' id='word_1_69' title='bbox 659 769 700 793; x_wconf 88' lang='lat' dir='ltr'><strong>os</strong></span> <span class='ocrx_word' id='word_1_70' title='bbox 720 761 833 796; x_wconf 83' lang='lat' dir='ltr'><strong>tuum</strong></span> <span class='ocrx_word' id='word_1_71' title='bbox 852 755 1063 808; x_wconf 87' lang='lat' dir='ltr'><strong>impudens</strong></span> <span class='ocrx_word' id='word_1_72' title='bbox 1075 755 1208 794; x_wconf 88' lang='lat' dir='ltr'><strong>videre</strong></span> <span class='ocrx_word' id='word_1_73' title='bbox 1229 754 1398 794; x_wconf 91' lang='lat' dir='ltr'><strong>nimium</strong></span> <span class='ocrx_word' id='word_1_74' title='bbox 1411 753 1569 803; x_wconf 88' lang='lat' dir='ltr'><strong>vellem,</strong></span> 
     </span>
    </p>

    <p class='ocr_par' dir='ltr' id='par_1_7' title="bbox 107 821 1572 870">
     <span class='ocr_line' id='line_1_10' title="bbox 107 821 1572 870; baseline 0.001 -10"><span class='ocrx_word' id='word_1_75' title='bbox 107 821 187 866; x_wconf 82' lang='lat' dir='ltr'><strong>Qui</strong></span> <span class='ocrx_word' id='word_1_76' title='bbox 206 827 308 861; x_wconf 87' lang='lat' dir='ltr'><strong>esset</strong></span> <span class='ocrx_word' id='word_1_77' title='bbox 326 828 459 870; x_wconf 85' lang='lat' dir='ltr'><strong>status,</strong></span> <span class='ocrx_word' id='word_1_78' title='bbox 481 821 725 860; x_wconf 88' lang='lat' dir='ltr'><strong>fiabellulum</strong></span> <span class='ocrx_word' id='word_1_79' title='bbox 746 827 880 861; x_wconf 88' lang='lat' dir='ltr'><strong>tenere</strong></span> <span class='ocrx_word' id='word_1_80' title='bbox 899 827 937 860; x_wconf 89' lang='lat' dir='ltr'><strong>te</strong></span> <span class='ocrx_word' id='word_1_81' title='bbox 957 821 1112 861; x_wconf 88' lang='lat' dir='ltr'><strong>asinum</strong></span> <span class='ocrx_word' id='word_1_82' title='bbox 1132 826 1299 861; x_wconf 89' lang='lat' dir='ltr'><strong>tantum.</strong></span> <span class='ocrx_word' id='word_1_83' title='bbox 1517 822 1572 861; x_wconf 90' lang='lat'><strong>50</strong></span> 
     </span>
    </p>

    <p class='ocr_par' dir='ltr' id='par_1_8' title="bbox 107 888 1352 942">
     <span class='ocr_line' id='line_1_11' title="bbox 107 888 1352 942; baseline 0.001 -15"><span class='ocrx_word' id='word_1_84' title='bbox 107 889 183 927; x_wconf 76' lang='lat' dir='ltr'><strong>Cn.</strong></span> <span class='ocrx_word' id='word_1_85' title='bbox 225 888 306 927; x_wconf 88' lang='lat' dir='ltr'><strong>Vix</strong></span> <span class='ocrx_word' id='word_1_86' title='bbox 325 888 528 928; x_wconf 89' lang='lat' dir='ltr'><strong>elocuta’st</strong></span> <span class='ocrx_word' id='word_1_87' title='bbox 546 888 633 937; x_wconf 88' lang='lat' dir='ltr'><strong>hoc,</strong></span> <span class='ocrx_word' id='word_1_88' title='bbox 655 889 760 928; x_wconf 84' lang='lat' dir='ltr'><strong>foras</strong></span> <span class='ocrx_word' id='word_1_89' title='bbox 779 888 897 928; x_wconf 89' lang='lat' dir='ltr'><strong>simul</strong></span> <span class='ocrx_word' id='word_1_90' title='bbox 916 903 1054 928; x_wconf 91' lang='lat' dir='ltr'><strong>omnes</strong></span> <span class='ocrx_word' id='word_1_91' title='bbox 1072 894 1267 942; x_wconf 88' lang='lat' dir='ltr'><strong>proruunt</strong></span> <span class='ocrx_word' id='word_1_92' title='bbox 1285 903 1326 928; x_wconf 89' lang='lat' dir='ltr'><strong>se</strong></span> <span class='ocrx_word' id='word_1_93' title='bbox 1341 904 1352 939; x_wconf 82' lang='lat'><em>3</em></span> 
     </span>
    </p>

    <p class='ocr_par' dir='ltr' id='par_1_9' title="bbox 106 955 1434 1009">
     <span class='ocr_line' id='line_1_12' title="bbox 106 955 1434 1009; baseline 0.002 -15"><span class='ocrx_word' id='word_1_94' title='bbox 106 955 271 994; x_wconf 90' lang='lat' dir='ltr'><strong>Abeunt</strong></span> <span class='ocrx_word' id='word_1_95' title='bbox 289 955 477 1004; x_wconf 88' lang='lat' dir='ltr'><strong>lavatum,</strong></span> <span class='ocrx_word' id='word_1_96' title='bbox 498 961 776 1009; x_wconf 88' lang='lat' dir='ltr'><strong>perstrepunt;</strong></span> <span class='ocrx_word' id='word_1_97' title='bbox 806 956 862 996; x_wconf 93' lang='lat' dir='ltr'><strong>ita</strong></span> <span class='ocrx_word' id='word_1_98' title='bbox 879 961 926 995; x_wconf 89' lang='lat' dir='ltr'><strong>ut</strong></span> <span class='ocrx_word' id='word_1_99' title='bbox 943 956 999 1005; x_wconf 82' lang='lat' dir='ltr'><strong>fit,</strong></span> <span class='ocrx_word' id='word_1_100' title='bbox 1021 956 1172 995; x_wconf 88' lang='lat' dir='ltr'><strong>domini</strong></span> <span class='ocrx_word' id='word_1_101' title='bbox 1191 956 1260 995; x_wconf 91' lang='lat' dir='ltr'><strong>ubi</strong></span> <span class='ocrx_word' id='word_1_102' title='bbox 1279 957 1434 996; x_wconf 86' lang='lat' dir='ltr'><strong>absunt.</strong></span> 
     </span>
    </p>

    <p class='ocr_par' dir='ltr' id='par_1_10' title="bbox 109 1022 1279 1076">
     <span class='ocr_line' id='line_1_13' title="bbox 109 1022 1279 1076; baseline 0.001 -15"><span class='ocrx_word' id='word_1_103' title='bbox 109 1023 267 1062; x_wconf 83' lang='lat' dir='ltr'><strong>Interea</strong></span> <span class='ocrx_word' id='word_1_104' title='bbox 286 1036 447 1061; x_wconf 83' lang='lat' dir='ltr'><strong>somnus</strong></span> <span class='ocrx_word' id='word_1_105' title='bbox 466 1022 663 1075; x_wconf 88' lang='lat' dir='ltr'><strong>virginem</strong></span> <span class='ocrx_word' id='word_1_106' title='bbox 684 1023 871 1076; x_wconf 91' lang='lat' dir='ltr'><strong>opprimit</strong></span> <span class='ocrx_word' id='word_1_107' title='bbox 887 1038 895 1062; x_wconf 76' lang='grc' dir='ltr'>ε</span> <span class='ocrx_word' id='word_1_108' title='bbox 927 1037 1001 1076; x_wconf 90' lang='lat' dir='ltr'><strong>ego</strong></span> <span class='ocrx_word' id='word_1_109' title='bbox 1020 1023 1125 1062; x_wconf 85' lang='lat' dir='ltr'><strong>limis</strong></span> <span class='ocrx_word' id='word_1_110' title='bbox 1145 1029 1279 1076; x_wconf 88' lang='lat' dir='ltr'><strong>specto</strong></span> 
     </span>
    </p>

    <p class='ocr_par' dir='ltr' id='par_1_11' title="bbox 107 1089 1310 1143">
     <span class='ocr_line' id='line_1_14' title="bbox 107 1089 1310 1143; baseline 0.001 -15"><span class='ocrx_word' id='word_1_111' title='bbox 107 1090 170 1128; x_wconf 90' lang='lat' dir='ltr'><strong>Sic</strong></span> <span class='ocrx_word' id='word_1_112' title='bbox 190 1103 261 1142; x_wconf 88' lang='lat' dir='ltr'><strong>per</strong></span> <span class='ocrx_word' id='word_1_113' title='bbox 279 1089 480 1128; x_wconf 87' lang='lat' dir='ltr'><strong>flabellum</strong></span> <span class='ocrx_word' id='word_1_114' title='bbox 501 1089 726 1129; x_wconf 89' lang='lat' dir='ltr'><strong>clanculum</strong></span> <span class='ocrx_word' id='word_1_115' title='bbox 742 1105 751 1129; x_wconf 78' lang='grc' dir='ltr'>ε</span> <span class='ocrx_word' id='word_1_116' title='bbox 783 1090 899 1129; x_wconf 89' lang='lat' dir='ltr'><strong>simul</strong></span> <span class='ocrx_word' id='word_1_117' title='bbox 918 1090 996 1130; x_wconf 85' lang='lat' dir='ltr'><strong>alia</strong></span> <span class='ocrx_word' id='word_1_118' title='bbox 1014 1091 1310 1143; x_wconf 87' lang='lat' dir='ltr'><strong>circumspecto,</strong></span> 
     </span>
    </p>

    <p class='ocr_par' dir='ltr' id='par_1_12' title="bbox 107 1156 1569 1211">
     <span class='ocr_line' id='line_1_15' title="bbox 107 1156 1569 1211; baseline 0.001 -17"><span class='ocrx_word' id='word_1_119' title='bbox 107 1156 230 1195; x_wconf 89' lang='lat' dir='ltr'><strong>Satin’</strong></span> <span class='ocrx_word' id='word_1_120' title='bbox 251 1156 455 1208; x_wconf 84' lang='lat' dir='ltr'><strong>explorata</strong></span> <span class='ocrx_word' id='word_1_121' title='bbox 474 1156 578 1195; x_wconf 82' lang='lat' dir='ltr'><strong>sint:</strong></span> <span class='ocrx_word' id='word_1_122' title='bbox 608 1157 724 1196; x_wconf 89' lang='lat' dir='ltr'><strong>video</strong></span> <span class='ocrx_word' id='word_1_123' title='bbox 745 1171 828 1197; x_wconf 88' lang='lat' dir='ltr'><strong>esse</strong></span> <span class='ocrx_word' id='word_1_124' title='bbox 845 1172 854 1197; x_wconf 91' lang='lat'>:</span> <span class='ocrx_word' id='word_1_125' title='bbox 882 1158 1085 1211; x_wconf 85' lang='lat' dir='ltr'><strong>pessulum</strong></span> <span class='ocrx_word' id='word_1_126' title='bbox 1105 1158 1203 1198; x_wconf 88' lang='lat' dir='ltr'><strong>ostio</strong></span> <span class='ocrx_word' id='word_1_127' title='bbox 1223 1158 1338 1197; x_wconf 87' lang='lat' dir='ltr'><strong>obdo.</strong></span> <span class='ocrx_word' id='word_1_128' title='bbox 1517 1158 1569 1197; x_wconf 88' lang='lat'><strong>55</strong></span> 
     </span>
    </p>

    <p class='ocr_par' dir='ltr' id='par_1_13' title="bbox 106 1223 1570 1343">
     <span class='ocr_line' id='line_1_16' title="bbox 106 1223 1570 1279; baseline 0.003 -18"><span class='ocrx_word' id='word_1_129' title='bbox 106 1224 187 1262; x_wconf 73' lang='lat' dir='ltr'><strong>Au.</strong></span> <span class='ocrx_word' id='word_1_130' title='bbox 227 1223 335 1267; x_wconf 79' lang='lat' dir='ltr'><strong>Quid</strong></span> <span class='ocrx_word' id='word_1_131' title='bbox 354 1224 470 1262; x_wconf 79' lang='lat' dir='ltr'><strong>tum?</strong></span> <span class='ocrx_word' id='word_1_132' title='bbox 553 1224 627 1263; x_wconf 77' lang='lat' dir='ltr'><strong>Cu.</strong></span> <span class='ocrx_word' id='word_1_133' title='bbox 667 1224 774 1269; x_wconf 85' lang='lat' dir='ltr'><strong>Quid</strong></span> <span class='ocrx_word' id='word_1_134' title='bbox 793 1226 908 1264; x_wconf 80' lang='lat' dir='ltr'><strong>tum?</strong></span> <span class='ocrx_word' id='word_1_135' title='bbox 944 1225 1051 1279; x_wconf 90' lang='lat' dir='ltr'><strong>quid,</strong></span> <span class='ocrx_word' id='word_1_136' title='bbox 1072 1226 1180 1265; x_wconf 88' lang='lat' dir='ltr'><strong>fatue</strong></span> <span class='ocrx_word' id='word_1_137' title='bbox 1194 1225 1211 1264; x_wconf 69' lang='grc' dir='ltr'><strong>’ἒ</strong></span> <span class='ocrx_word' id='word_1_138' title='bbox 1293 1226 1374 1265; x_wconf 75' lang='grc' dir='ltr'><strong>ΑΝ.</strong></span> <span class='ocrx_word' id='word_1_139' title='bbox 1416 1225 1570 1265; x_wconf 81' lang='lat' dir='ltr'><strong>Fateor.</strong></span> 
     </span>
     <span class='ocr_line' id='line_1_17' title="bbox 270 1290 814 1343; baseline 0.006 -15"><span class='ocrx_word' id='word_1_140' title='bbox 270 1290 344 1328; x_wconf 77' lang='lat' dir='ltr'><strong>Cu.</strong></span> <span class='ocrx_word' id='word_1_141' title='bbox 384 1290 450 1328; x_wconf 89' lang='lat' dir='ltr'><strong>An</strong></span> <span class='ocrx_word' id='word_1_142' title='bbox 473 1303 547 1343; x_wconf 87' lang='lat' dir='ltr'><strong>ego</strong></span> <span class='ocrx_word' id='word_1_143' title='bbox 566 1291 814 1331; x_wconf 84' lang='lat' dir='ltr'><strong>occasionem</strong></span> 
     </span>
    </p>

    <p class='ocr_par' dir='ltr' id='par_1_14' title="bbox 108 1355 1564 1412">
     <span class='ocr_line' id='line_1_18' title="bbox 108 1355 1564 1412; baseline 0.003 -18"><span class='ocrx_word' id='word_1_144' title='bbox 108 1355 170 1395; x_wconf 83' lang='lat' dir='ltr'><strong>Mi</strong></span> <span class='ocrx_word' id='word_1_145' title='bbox 189 1362 397 1404; x_wconf 86' lang='lat' dir='ltr'><strong>ostentam,</strong></span> <span class='ocrx_word' id='word_1_146' title='bbox 419 1361 586 1405; x_wconf 81' lang='lat' dir='ltr'><strong>tantam,</strong></span> <span class='ocrx_word' id='word_1_147' title='bbox 607 1362 690 1396; x_wconf 88' lang='lat' dir='ltr'><strong>tam</strong></span> <span class='ocrx_word' id='word_1_148' title='bbox 709 1358 884 1406; x_wconf 87' lang='lat' dir='ltr'><strong>brevem,</strong></span> <span class='ocrx_word' id='word_1_149' title='bbox 906 1363 988 1397; x_wconf 86' lang='lat' dir='ltr'><strong>tam</strong></span> <span class='ocrx_word' id='word_1_150' title='bbox 1008 1363 1196 1411; x_wconf 88' lang='lat' dir='ltr'><strong>optatam,</strong></span> <span class='ocrx_word' id='word_1_151' title='bbox 1218 1363 1302 1397; x_wconf 89' lang='lat' dir='ltr'><strong>tam</strong></span> <span class='ocrx_word' id='word_1_152' title='bbox 1320 1358 1564 1412; x_wconf 83' lang='lat' dir='ltr'><strong>insperatam</strong></span> 
     </span>
    </p>

    <p class='ocr_par' dir='ltr' id='par_1_15' title="bbox 106 1422 1372 1478">
     <span class='ocr_line' id='line_1_19' title="bbox 106 1422 1372 1478; baseline 0.003 -17"><span class='ocrx_word' id='word_1_153' title='bbox 106 1422 376 1462; x_wconf 78' lang='lat' dir='ltr'><strong>Amitterem?</strong></span> <span class='ocrx_word' id='word_1_154' title='bbox 403 1428 489 1462; x_wconf 88' lang='lat' dir='ltr'><strong>tum</strong></span> <span class='ocrx_word' id='word_1_155' title='bbox 507 1423 574 1477; x_wconf 88' lang='lat' dir='ltr'><strong>pol</strong></span> <span class='ocrx_word' id='word_1_156' title='bbox 594 1437 668 1476; x_wconf 90' lang='lat' dir='ltr'><strong>ego</strong></span> <span class='ocrx_word' id='word_1_157' title='bbox 686 1424 719 1463; x_wconf 91' lang='lat' dir='ltr'><strong>is</strong></span> <span class='ocrx_word' id='word_1_158' title='bbox 740 1438 867 1464; x_wconf 88' lang='lat' dir='ltr'><strong>essem</strong></span> <span class='ocrx_word' id='word_1_159' title='bbox 887 1438 991 1474; x_wconf 86' lang='lat' dir='ltr'><strong>vero,</strong></span> <span class='ocrx_word' id='word_1_160' title='bbox 1015 1426 1081 1478; x_wconf 92' lang='lat' dir='ltr'><strong>qui</strong></span> <span class='ocrx_word' id='word_1_161' title='bbox 1102 1425 1372 1465; x_wconf 79' lang='lat' dir='ltr'><strong>assimulabar.</strong></span> 
     </span>
    </p>

    <p class='ocr_par' dir='ltr' id='par_1_16' title="bbox 105 1489 1573 1546">
     <span class='ocr_line' id='line_1_20' title="bbox 105 1489 1573 1546; baseline 0.003 -18"><span class='ocrx_word' id='word_1_162' title='bbox 105 1490 187 1529; x_wconf 72' lang='lat' dir='ltr'><strong>AN.</strong></span> <span class='ocrx_word' id='word_1_163' title='bbox 211 1491 313 1529; x_wconf 87' lang='lat' dir='ltr'><strong>Sane</strong></span> <span class='ocrx_word' id='word_1_164' title='bbox 333 1489 465 1530; x_wconf 82' lang='lat' dir='ltr'><strong>hercle</strong></span> <span class='ocrx_word' id='word_1_165' title='bbox 483 1496 529 1529; x_wconf 91' lang='lat' dir='ltr'><strong>ut</strong></span> <span class='ocrx_word' id='word_1_166' title='bbox 548 1491 644 1530; x_wconf 87' lang='lat' dir='ltr'><strong>dicis</strong></span> <span class='ocrx_word' id='word_1_167' title='bbox 661 1506 669 1530; x_wconf 73' lang='grc' dir='ltr'>ε</span> <span class='ocrx_word' id='word_1_168' title='bbox 701 1492 771 1531; x_wconf 88' lang='lat' dir='ltr'><strong>sed</strong></span> <span class='ocrx_word' id='word_1_169' title='bbox 788 1492 949 1531; x_wconf 87' lang='lat' dir='ltr'><strong>interim</strong></span> <span class='ocrx_word' id='word_1_170' title='bbox 968 1493 1017 1532; x_wconf 90' lang='lat' dir='ltr'><strong>de</strong></span> <span class='ocrx_word' id='word_1_171' title='bbox 1038 1492 1226 1545; x_wconf 87' lang='lat' dir='ltr'><strong>symbolis</strong></span> <span class='ocrx_word' id='word_1_172' title='bbox 1246 1491 1342 1546; x_wconf 88' lang='lat' dir='ltr'><strong>quid</strong></span> <span class='ocrx_word' id='word_1_173' title='bbox 1360 1492 1573 1532; x_wconf 74' lang='lat' dir='ltr'><strong>actum’st?</strong></span> 
     </span>
    </p>

    <p class='ocr_par' dir='ltr' id='par_1_17' title="bbox 106 1557 1572 1612">
     <span class='ocr_line' id='line_1_21' title="bbox 106 1557 1572 1612; baseline 0.003 -17"><span class='ocrx_word' id='word_1_174' title='bbox 106 1557 181 1596; x_wconf 73' lang='lat' dir='ltr'><strong>Cn.</strong></span> <span class='ocrx_word' id='word_1_175' title='bbox 223 1557 473 1597; x_wconf 86' lang='lat' dir='ltr'><strong>Paratum&#39;st.</strong></span> <span class='ocrx_word' id='word_1_176' title='bbox 558 1558 639 1597; x_wconf 68' lang='lat' dir='ltr'><strong>An.</strong></span> <span class='ocrx_word' id='word_1_177' title='bbox 683 1558 804 1612; x_wconf 84' lang='lat' dir='ltr'><strong>Frugi</strong></span> <span class='ocrx_word' id='word_1_178' title='bbox 833 1573 875 1599; x_wconf 89' lang='lat' dir='ltr'><strong>es</strong></span> <span class='ocrx_word' id='word_1_179' title='bbox 892 1575 900 1599; x_wconf 71' lang='grc' dir='ltr'><strong><em>ι</em></strong></span> <span class='ocrx_word' id='word_1_180' title='bbox 939 1559 1035 1599; x_wconf 75' lang='lat' dir='ltr'><strong>ubi?</strong></span> <span class='ocrx_word' id='word_1_181' title='bbox 1062 1559 1240 1599; x_wconf 76' lang='lat' dir='ltr'><strong>domin&#39;?</strong></span> <span class='ocrx_word' id='word_1_182' title='bbox 1323 1559 1399 1600; x_wconf 73' lang='lat' dir='ltr'><strong>Cu.</strong></span> <span class='ocrx_word' id='word_1_183' title='bbox 1439 1559 1572 1599; x_wconf 89' lang='lat' dir='ltr'><strong>Immo</strong></span> 
     </span>
    </p>
   </div>
   <div class='ocr_carea' id='block_1_5' title="bbox 105 1622 1572 1797">
    <p class='ocr_par' dir='ltr' id='par_1_18' title="bbox 105 1622 1572 1797">
     <span class='ocr_line' id='line_1_22' title="bbox 267 1622 1571 1676; baseline 0.003 -14"><span class='ocrx_word' id='word_1_184' title='bbox 267 1624 373 1676; x_wconf 90' lang='lat' dir='ltr'><strong>apud</strong></span> <span class='ocrx_word' id='word_1_185' title='bbox 391 1622 576 1664; x_wconf 92' lang='lat' dir='ltr'><strong>libertum</strong></span> <span class='ocrx_word' id='word_1_186' title='bbox 597 1625 775 1665; x_wconf 86' lang='lat' dir='ltr'><strong>Discum.</strong></span> <span class='ocrx_word' id='word_1_187' title='bbox 1518 1629 1571 1666; x_wconf 83' lang='lat'><strong>60</strong></span> 
     </span>
     <span class='ocr_line' id='line_1_23' title="bbox 105 1690 1572 1746; baseline 0.001 -17"><span class='ocrx_word' id='word_1_188' title='bbox 105 1690 186 1729; x_wconf 78' lang='lat' dir='ltr'><strong>AN.</strong></span> <span class='ocrx_word' id='word_1_189' title='bbox 218 1690 475 1743; x_wconf 86' lang='lat' dir='ltr'><strong>Perlonge’st.</strong></span> <span class='ocrx_word' id='word_1_190' title='bbox 534 1691 608 1731; x_wconf 76' lang='lat' dir='ltr'><strong>Cn.</strong></span> <span class='ocrx_word' id='word_1_191' title='bbox 650 1691 728 1731; x_wconf 87' lang='lat' dir='ltr'><strong>Sed</strong></span> <span class='ocrx_word' id='word_1_192' title='bbox 746 1697 857 1731; x_wconf 90' lang='lat' dir='ltr'><strong>tanto</strong></span> <span class='ocrx_word' id='word_1_193' title='bbox 877 1706 998 1746; x_wconf 86' lang='lat' dir='ltr'><strong>ocyus</strong></span> <span class='ocrx_word' id='word_1_194' title='bbox 1016 1705 1285 1746; x_wconf 88' lang='lat' dir='ltr'><strong>properemus.</strong></span> <span class='ocrx_word' id='word_1_195' title='bbox 1341 1691 1424 1731; x_wconf 72' lang='lat' dir='ltr'><strong>Au.</strong></span> <span class='ocrx_word' id='word_1_196' title='bbox 1455 1691 1572 1731; x_wconf 82' lang='lat' dir='ltr'><strong>Muta</strong></span> 
     </span>
     <span class='ocr_line' id='line_1_24' title="bbox 267 1763 430 1797; baseline 0.006 -1"><span class='ocrx_word' id='word_1_197' title='bbox 267 1763 430 1797; x_wconf 87' lang='lat' dir='ltr'><strong>vestem.</strong></span> 
     </span>
    </p>
   </div>
   <div class='ocr_carea' id='block_1_6' title="bbox 104 1822 1569 2205">
    <p class='ocr_par' dir='ltr' id='par_1_19' title="bbox 106 1822 1569 1876">
     <span class='ocr_line' id='line_1_25' title="bbox 106 1822 1569 1876; baseline 0.001 -15"><span class='ocrx_word' id='word_1_198' title='bbox 106 1822 181 1861; x_wconf 73' lang='lat' dir='ltr'><strong>Cu.</strong></span> <span class='ocrx_word' id='word_1_199' title='bbox 220 1823 301 1861; x_wconf 89' lang='lat' dir='ltr'><strong>Ubi</strong></span> <span class='ocrx_word' id='word_1_200' title='bbox 320 1824 501 1862; x_wconf 85' lang='lat' dir='ltr'><strong>mutem?</strong></span> <span class='ocrx_word' id='word_1_201' title='bbox 528 1824 654 1876; x_wconf 91' lang='lat' dir='ltr'><strong>perii:</strong></span> <span class='ocrx_word' id='word_1_202' title='bbox 689 1838 784 1864; x_wconf 90' lang='lat' dir='ltr'><strong>nam</strong></span> <span class='ocrx_word' id='word_1_203' title='bbox 805 1824 921 1863; x_wconf 87' lang='lat' dir='ltr'><strong>exulo</strong></span> <span class='ocrx_word' id='word_1_204' title='bbox 941 1824 1059 1863; x_wconf 89' lang='lat' dir='ltr'><strong>domo</strong></span> <span class='ocrx_word' id='word_1_205' title='bbox 1076 1837 1184 1863; x_wconf 88' lang='lat' dir='ltr'><strong>nunc</strong></span> <span class='ocrx_word' id='word_1_206' title='bbox 1202 1838 1211 1862; x_wconf 92' lang='lat'>:</span> <span class='ocrx_word' id='word_1_207' title='bbox 1240 1828 1377 1864; x_wconf 85' lang='lat' dir='ltr'><strong>metuo</strong></span> <span class='ocrx_word' id='word_1_208' title='bbox 1394 1823 1569 1871; x_wconf 80' lang='lat' dir='ltr'><strong>fratrem,</strong></span> 
     </span>
    </p>

    <p class='ocr_par' dir='ltr' id='par_1_20' title="bbox 104 1888 1345 1943">
     <span class='ocr_line' id='line_1_26' title="bbox 104 1888 1345 1943; baseline 0.002 -17"><span class='ocrx_word' id='word_1_209' title='bbox 104 1888 168 1927; x_wconf 88' lang='lat' dir='ltr'><strong>Ne</strong></span> <span class='ocrx_word' id='word_1_210' title='bbox 187 1889 294 1927; x_wconf 88' lang='lat' dir='ltr'><strong>intus</strong></span> <span class='ocrx_word' id='word_1_211' title='bbox 313 1889 384 1927; x_wconf 87' lang='lat' dir='ltr'><strong>sit:</strong></span> <span class='ocrx_word' id='word_1_212' title='bbox 415 1903 531 1941; x_wconf 89' lang='lat' dir='ltr'><strong>porro</strong></span> <span class='ocrx_word' id='word_1_213' title='bbox 550 1896 684 1928; x_wconf 87' lang='lat' dir='ltr'><strong>autem</strong></span> <span class='ocrx_word' id='word_1_214' title='bbox 703 1895 869 1943; x_wconf 89' lang='lat' dir='ltr'><strong>patrem,</strong></span> <span class='ocrx_word' id='word_1_215' title='bbox 892 1904 942 1928; x_wconf 92' lang='lat' dir='ltr'><strong>ne</strong></span> <span class='ocrx_word' id='word_1_216' title='bbox 963 1904 1053 1929; x_wconf 84' lang='lat' dir='ltr'><strong>rure</strong></span> <span class='ocrx_word' id='word_1_217' title='bbox 1072 1889 1234 1929; x_wconf 83' lang='lat' dir='ltr'><strong>redierit</strong></span> <span class='ocrx_word' id='word_1_218' title='bbox 1246 1889 1345 1942; x_wconf 74' lang='lat' dir='ltr'><strong>Jam.</strong></span> 
     </span>
    </p>

    <p class='ocr_par' dir='ltr' id='par_1_21' title="bbox 104 1954 1568 2058">
     <span class='ocr_line' id='line_1_27' title="bbox 104 1954 1568 2008; baseline 0.001 -16"><span class='ocrx_word' id='word_1_219' title='bbox 104 1954 185 1992; x_wconf 67' lang='lat' dir='ltr'><strong>AN.</strong></span> <span class='ocrx_word' id='word_1_220' title='bbox 227 1954 375 1992; x_wconf 89' lang='lat' dir='ltr'><strong>Eamus</strong></span> <span class='ocrx_word' id='word_1_221' title='bbox 409 1954 458 1993; x_wconf 85' lang='lat' dir='ltr'><strong>ad</strong></span> <span class='ocrx_word' id='word_1_222' title='bbox 488 1968 566 2002; x_wconf 90' lang='lat' dir='ltr'><strong>me,</strong></span> <span class='ocrx_word' id='word_1_223' title='bbox 596 1955 652 1993; x_wconf 93' lang='lat' dir='ltr'><strong>ibi</strong></span> <span class='ocrx_word' id='word_1_224' title='bbox 680 1956 971 2008; x_wconf 87' lang='lat' dir='ltr'><strong>proxumum’st</strong></span> <span class='ocrx_word' id='word_1_225' title='bbox 1000 1955 1069 1994; x_wconf 91' lang='lat' dir='ltr'><strong>ubi</strong></span> <span class='ocrx_word' id='word_1_226' title='bbox 1096 1961 1238 1994; x_wconf 88' lang='lat' dir='ltr'><strong>mutes.</strong></span> <span class='ocrx_word' id='word_1_227' title='bbox 1325 1955 1401 1995; x_wconf 76' lang='lat' dir='ltr'><strong>Cn.</strong></span> <span class='ocrx_word' id='word_1_228' title='bbox 1441 1955 1568 1995; x_wconf 86' lang='lat' dir='ltr'><strong>Recte</strong></span> 
     </span>
     <span class='ocr_line' id='line_1_28' title="bbox 267 2020 376 2058; baseline 0 0"><span class='ocrx_word' id='word_1_229' title='bbox 267 2020 376 2058; x_wconf 87' lang='lat' dir='ltr'><strong>dicis.</strong></span> 
     </span>
    </p>

    <p class='ocr_par' dir='ltr' id='par_1_22' title="bbox 106 2085 1568 2139">
     <span class='ocr_line' id='line_1_29' title="bbox 106 2085 1568 2139; baseline 0.001 -15"><span class='ocrx_word' id='word_1_230' title='bbox 106 2086 277 2124; x_wconf 90' lang='lat' dir='ltr'><strong>Eamus:</strong></span> <span class='ocrx_word' id='word_1_231' title='bbox 308 2091 348 2124; x_wconf 94' lang='lat' dir='ltr'><strong>et</strong></span> <span class='ocrx_word' id='word_1_232' title='bbox 366 2086 415 2124; x_wconf 92' lang='lat' dir='ltr'><strong>de</strong></span> <span class='ocrx_word' id='word_1_233' title='bbox 434 2085 531 2125; x_wconf 87' lang='lat' dir='ltr'><strong>istac</strong></span> <span class='ocrx_word' id='word_1_234' title='bbox 551 2085 680 2134; x_wconf 91' lang='lat' dir='ltr'><strong>simul,</strong></span> <span class='ocrx_word' id='word_1_235' title='bbox 703 2099 780 2138; x_wconf 92' lang='lat' dir='ltr'><strong>quo</strong></span> <span class='ocrx_word' id='word_1_236' title='bbox 799 2091 915 2139; x_wconf 87' lang='lat' dir='ltr'><strong>pacto</strong></span> <span class='ocrx_word' id='word_1_237' title='bbox 934 2100 1051 2139; x_wconf 90' lang='lat' dir='ltr'><strong>porro</strong></span> <span class='ocrx_word' id='word_1_238' title='bbox 1069 2087 1216 2139; x_wconf 88' lang='lat' dir='ltr'><strong>possim</strong></span> <span class='ocrx_word' id='word_1_239' title='bbox 1517 2089 1568 2126; x_wconf 84' lang='lat'><strong>65</strong></span> 
     </span>
    </p>

    <p class='ocr_par' dir='ltr' id='par_1_23' title="bbox 105 2151 1284 2205">
     <span class='ocr_line' id='line_1_30' title="bbox 105 2151 1284 2205; baseline 0.002 -15"><span class='ocrx_word' id='word_1_240' title='bbox 105 2151 239 2200; x_wconf 85' lang='lat' dir='ltr'><strong>Potiri,</strong></span> <span class='ocrx_word' id='word_1_241' title='bbox 261 2151 470 2191; x_wconf 81' lang='lat' dir='ltr'><strong>consilium</strong></span> <span class='ocrx_word' id='word_1_242' title='bbox 490 2151 579 2191; x_wconf 92' lang='lat' dir='ltr'><strong>volo</strong></span> <span class='ocrx_word' id='word_1_243' title='bbox 599 2165 738 2205; x_wconf 88' lang='lat' dir='ltr'><strong>capere</strong></span> <span class='ocrx_word' id='word_1_244' title='bbox 758 2165 840 2191; x_wconf 92' lang='lat' dir='ltr'><strong>una</strong></span> <span class='ocrx_word' id='word_1_245' title='bbox 858 2157 1003 2192; x_wconf 89' lang='lat' dir='ltr'><strong>tecum.</strong></span> <span class='ocrx_word' id='word_1_246' title='bbox 1062 2154 1143 2192; x_wconf 70' lang='lat' dir='ltr'><strong>AN.</strong></span> <span class='ocrx_word' id='word_1_247' title='bbox 1184 2152 1284 2192; x_wconf 83' lang='lat' dir='ltr'><strong>Fiat.</strong></span> 
     </span>
    </p>
   </div>
   <div class='ocr_carea' id='block_1_7' title="bbox 547 2353 1171 2395">
    <p class='ocr_par' dir='ltr' id='par_1_24' title="bbox 547 2353 1171 2395">
     <span class='ocr_line' id='line_1_31' title="bbox 547 2353 1171 2395; baseline 0.006 -4"><span class='ocrx_word' id='word_1_248' title='bbox 547 2353 723 2393; x_wconf 89' lang='lat' dir='ltr'><strong>ACTUS</strong></span> <span class='ocrx_word' id='word_1_249' title='bbox 755 2354 829 2393; x_wconf 90' lang='lat' dir='ltr'><strong>IV.</strong></span> <span class='ocrx_word' id='word_1_250' title='bbox 889 2355 1069 2395; x_wconf 92' lang='lat' dir='ltr'><strong>SCENA</strong></span> <span class='ocrx_word' id='word_1_251' title='bbox 1101 2357 1121 2395; x_wconf 93' lang='grc' dir='ltr'>Ι</span> <span class='ocrx_word' id='word_1_252' title='bbox 1168 2370 1171 2373; x_wconf 93' lang='grc'><em>·</em></span> 
     </span>
    </p>
   </div>
   <div class='ocr_carea' id='block_1_8' title="bbox 744 2459 918 2500">
    <p class='ocr_par' dir='ltr' id='par_1_25' title="bbox 744 2459 918 2500">
     <span class='ocr_line' id='line_1_32' title="bbox 744 2459 918 2500; baseline 0.006 -1"><span class='ocrx_word' id='word_1_253' title='bbox 744 2459 918 2500; x_wconf 78' lang='lat' dir='ltr'><strong>DomAs.</strong></span> 
     </span>
    </p>
   </div>
   <div class='ocr_carea' id='block_1_9' title="bbox 104 2563 1596 2818">
    <p class='ocr_par' dir='ltr' id='par_1_26' title="bbox 104 2563 1551 2683">
     <span class='ocr_line' id='line_1_33' title="bbox 105 2563 1551 2615; baseline 0.002 -12"><span class='ocrx_word' id='word_1_254' title='bbox 105 2564 174 2610; x_wconf 61' lang='lat' dir='ltr'><strong>Ita,</strong></span> <span class='ocrx_word' id='word_1_255' title='bbox 187 2576 252 2602; x_wconf 90' lang='lat' dir='ltr'><strong>me</strong></span> <span class='ocrx_word' id='word_1_256' title='bbox 274 2563 327 2602; x_wconf 92' lang='lat' dir='ltr'><strong>Di</strong></span> <span class='ocrx_word' id='word_1_257' title='bbox 348 2567 495 2610; x_wconf 90' lang='lat' dir='ltr'><strong>ament,</strong></span> <span class='ocrx_word' id='word_1_258' title='bbox 519 2567 711 2615; x_wconf 85' lang='lat' dir='ltr'><strong>quantum</strong></span> <span class='ocrx_word' id='word_1_259' title='bbox 732 2576 806 2615; x_wconf 87' lang='lat' dir='ltr'><strong>ego</strong></span> <span class='ocrx_word' id='word_1_260' title='bbox 826 2563 939 2602; x_wconf 89' lang='lat' dir='ltr'><strong>illum</strong></span> <span class='ocrx_word' id='word_1_261' title='bbox 959 2563 1051 2612; x_wconf 86' lang='lat' dir='ltr'><strong>vidi,</strong></span> <span class='ocrx_word' id='word_1_262' title='bbox 1075 2578 1155 2604; x_wconf 91' lang='lat' dir='ltr'><strong>non</strong></span> <span class='ocrx_word' id='word_1_263' title='bbox 1175 2564 1232 2604; x_wconf 90' lang='lat' dir='ltr'><strong>nil</strong></span> <span class='ocrx_word' id='word_1_264' title='bbox 1252 2565 1374 2606; x_wconf 88' lang='lat' dir='ltr'><strong>timeo</strong></span> <span class='ocrx_word' id='word_1_265' title='bbox 1393 2566 1551 2614; x_wconf 84' lang='lat' dir='ltr'><strong>misera,</strong></span> 
     </span>
     <span class='ocr_line' id='line_1_34' title="bbox 104 2629 1406 2683; baseline 0.001 -12"><span class='ocrx_word' id='word_1_266' title='bbox 104 2630 169 2671; x_wconf 87' lang='lat' dir='ltr'><strong>Ne</strong></span> <span class='ocrx_word' id='word_1_267' title='bbox 188 2644 308 2683; x_wconf 90' lang='lat' dir='ltr'><strong>quam</strong></span> <span class='ocrx_word' id='word_1_268' title='bbox 328 2629 393 2668; x_wconf 89' lang='lat' dir='ltr'><strong>ille</strong></span> <span class='ocrx_word' id='word_1_269' title='bbox 413 2629 530 2669; x_wconf 87' lang='lat' dir='ltr'><strong>hodie</strong></span> <span class='ocrx_word' id='word_1_270' title='bbox 550 2629 712 2668; x_wconf 90' lang='lat' dir='ltr'><strong>insanus</strong></span> <span class='ocrx_word' id='word_1_271' title='bbox 733 2630 889 2669; x_wconf 84' lang='lat' dir='ltr'><strong>turbam</strong></span> <span class='ocrx_word' id='word_1_272' title='bbox 909 2631 1040 2679; x_wconf 86' lang='lat' dir='ltr'><strong>faciat,</strong></span> <span class='ocrx_word' id='word_1_273' title='bbox 1062 2637 1131 2671; x_wconf 90' lang='lat' dir='ltr'><strong>aut</strong></span> <span class='ocrx_word' id='word_1_274' title='bbox 1149 2632 1231 2671; x_wconf 87' lang='lat' dir='ltr'><strong>vim</strong></span> <span class='ocrx_word' id='word_1_275' title='bbox 1251 2632 1406 2672; x_wconf 80' lang='lat' dir='ltr'><strong>Thaidi.</strong></span> 
     </span>
    </p>

    <p class='ocr_par' dir='ltr' id='par_1_27' title="bbox 105 2696 1596 2818">
     <span class='ocr_line' id='line_1_35' title="bbox 105 2696 1596 2753; baseline 0.003 -17"><span class='ocrx_word' id='word_1_276' title='bbox 105 2696 212 2736; x_wconf 83' lang='lat' dir='ltr'><strong>Nam</strong></span> <span class='ocrx_word' id='word_1_277' title='bbox 230 2703 439 2749; x_wconf 84' lang='lat' dir='ltr'><strong>postquam</strong></span> <span class='ocrx_word' id='word_1_278' title='bbox 459 2697 531 2735; x_wconf 89' lang='lat' dir='ltr'><strong>iste</strong></span> <span class='ocrx_word' id='word_1_279' title='bbox 551 2696 714 2736; x_wconf 88' lang='lat' dir='ltr'><strong>advenit</strong></span> <span class='ocrx_word' id='word_1_280' title='bbox 733 2696 921 2736; x_wconf 90' lang='lat' dir='ltr'><strong>Chremes</strong></span> <span class='ocrx_word' id='word_1_281' title='bbox 941 2698 1183 2747; x_wconf 89' lang='lat' dir='ltr'><strong>adulescens,</strong></span> <span class='ocrx_word' id='word_1_282' title='bbox 1204 2699 1326 2739; x_wconf 85' lang='lat' dir='ltr'><strong>frater</strong></span> <span class='ocrx_word' id='word_1_283' title='bbox 1345 2699 1522 2753; x_wconf 70' lang='lat' dir='ltr'><strong>virg-inin,</strong></span> <span class='ocrx_word' id='word_1_284' title='bbox 1593 2699 1596 2702; x_wconf 69' lang='grc'><strong>’</strong></span> 
     </span>
     <span class='ocr_line' id='line_1_36' title="bbox 106 2763 1407 2818; baseline 0.002 -14"><span class='ocrx_word' id='word_1_285' title='bbox 106 2764 280 2805; x_wconf 81' lang='lat' dir='ltr'><strong>Militem</strong></span> <span class='ocrx_word' id='word_1_286' title='bbox 300 2769 414 2816; x_wconf 84' lang='lat' dir='ltr'><strong>rogat</strong></span> <span class='ocrx_word' id='word_1_287' title='bbox 431 2770 477 2803; x_wconf 91' lang='lat' dir='ltr'><strong>ut</strong></span> <span class='ocrx_word' id='word_1_288' title='bbox 494 2763 606 2802; x_wconf 86' lang='lat' dir='ltr'><strong>illum</strong></span> <span class='ocrx_word' id='word_1_289' title='bbox 626 2764 781 2803; x_wconf 82' lang='lat' dir='ltr'><strong>admitti</strong></span> <span class='ocrx_word' id='word_1_290' title='bbox 795 2765 957 2818; x_wconf 84' lang='lat' dir='ltr'><strong>jubeat:</strong></span> <span class='ocrx_word' id='word_1_291' title='bbox 987 2765 1053 2805; x_wconf 87' lang='lat' dir='ltr'><strong>ille</strong></span> <span class='ocrx_word' id='word_1_292' title='bbox 1073 2766 1262 2806; x_wconf 89' lang='lat' dir='ltr'><strong>continuo</strong></span> <span class='ocrx_word' id='word_1_293' title='bbox 1279 2767 1407 2816; x_wconf 82' lang='lat' dir='ltr'><strong>irasci,</strong></span> 
     </span>
    </p>
   </div>
   <div class='ocr_carea' id='block_1_10' title="bbox 105 2831 1570 2884">
    <p class='ocr_par' dir='ltr' id='par_1_28' title="bbox 105 2830 1670 2885">
     <span class='ocr_line' id='line_1_37' title="bbox 105 2831 1570 2884; baseline 0.004 -15"><span class='ocrx_word' id='word_1_294' title='bbox 105 2831 247 2884; x_wconf 90' lang='lat' dir='ltr'><strong>Neque</strong></span> <span class='ocrx_word' id='word_1_295' title='bbox 266 2845 412 2884; x_wconf 85' lang='lat' dir='ltr'><strong>negare</strong></span> <span class='ocrx_word' id='word_1_296' title='bbox 433 2832 599 2870; x_wconf 90' lang='lat' dir='ltr'><strong>audere:</strong></span> <span class='ocrx_word' id='word_1_297' title='bbox 630 2831 750 2870; x_wconf 85' lang='lat' dir='ltr'><strong>Thais</strong></span> <span class='ocrx_word' id='word_1_298' title='bbox 769 2846 884 2884; x_wconf 86' lang='lat' dir='ltr'><strong>porro</strong></span> <span class='ocrx_word' id='word_1_299' title='bbox 904 2832 1061 2880; x_wconf 86' lang='lat' dir='ltr'><strong>instare,</strong></span> <span class='ocrx_word' id='word_1_300' title='bbox 1082 2838 1128 2872; x_wconf 88' lang='lat' dir='ltr'><strong>ut</strong></span> <span class='ocrx_word' id='word_1_301' title='bbox 1145 2833 1350 2873; x_wconf 89' lang='lat' dir='ltr'><strong>hominem</strong></span> <span class='ocrx_word' id='word_1_302' title='bbox 1364 2834 1516 2875; x_wconf 82' lang='lat' dir='ltr'><strong>invitet.</strong></span> <span class='ocrx_word' id='word_1_303' title='bbox 1545 2837 1570 2876; x_wconf 87' lang='lat'><strong>5</strong></span> 
     </span>
    </p>
   </div>
   <div class='ocr_carea' id='block_1_11' title="bbox 106 2897 1385 2954">
    <p class='ocr_par' dir='ltr' id='par_1_29' title="bbox 106 2897 1385 2954">
     <span class='ocr_line' id='line_1_38' title="bbox 106 2897 1385 2954; baseline 0.003 -17"><span class='ocrx_word' id='word_1_304' title='bbox 106 2897 157 2937; x_wconf 85' lang='lat' dir='ltr'><strong>Id</strong></span> <span class='ocrx_word' id='word_1_305' title='bbox 175 2898 346 2938; x_wconf 85' lang='lat' dir='ltr'><strong>faciebat</strong></span> <span class='ocrx_word' id='word_1_306' title='bbox 363 2899 561 2938; x_wconf 89' lang='lat' dir='ltr'><strong>retinendi</strong></span> <span class='ocrx_word' id='word_1_307' title='bbox 580 2898 684 2938; x_wconf 86' lang='lat' dir='ltr'><strong>illius</strong></span> <span class='ocrx_word' id='word_1_308' title='bbox 704 2913 823 2938; x_wconf 86' lang='lat' dir='ltr'><strong>causa</strong></span> <span class='ocrx_word' id='word_1_309' title='bbox 840 2914 848 2938; x_wconf 78' lang='lat' dir='ltr'>z</span> <span class='ocrx_word' id='word_1_310' title='bbox 880 2900 972 2952; x_wconf 85' lang='lat' dir='ltr'><strong>quia</strong></span> <span class='ocrx_word' id='word_1_311' title='bbox 990 2899 1068 2949; x_wconf 79' lang='lat' dir='ltr'><strong>illa,</strong></span> <span class='ocrx_word' id='word_1_312' title='bbox 1091 2913 1180 2952; x_wconf 88' lang='lat' dir='ltr'><strong>quae</strong></span> <span class='ocrx_word' id='word_1_313' title='bbox 1200 2901 1385 2954; x_wconf 87' lang='lat' dir='ltr'><strong>cupiebat</strong></span> 
     </span>
    </p>
   </div>
  </div>
 </body>
</html>
