1670 3080
437 150 598 183 Ac'rus
633 149 689 193 11,
761 148 926 181 scENA
963 148 1018 179 11.
1381 130 1479 178 123

0 237 66 279 SA.
107 236 245 292 Cupio,
267 236 373 291 aequi
392 237 512 277 modo
531 236 692 290 aliquid.
769 237 856 276 AEs.
894 235 985 276 Vah
1002 235 1011 275 !
1042 234 1135 275 leno
1156 234 1294 288 iniqua
1312 248 1377 274 me
1398 249 1478 275 non

163 304 246 345 volt
263 304 385 358 loqui.

0 372 64 412 SA.
105 372 218 412 Leno
237 385 338 420 sum,
359 371 498 420 fateor,
519 370 717 425 pernicies
737 369 962 410 communis
982 369 1312 418 adulescentium,

0 438 196 492 Perjurus,
217 438 363 492 pestis:
395 445 530 478 tamen
550 438 622 477 tibi
642 452 666 477 a
683 451 749 477 me
770 437 932 477 nulla’st
951 442 1037 477 orta
1057 437 1215 489 injuria.
1425 439 1476 476 35

0 504 81 544 AEs.
125 505 231 544 Nam
250 503 384 544 hercle
404 505 526 544 etiam
546 504 622 544 hoc
642 509 777 544 restat.
865 504 932 543 SA.
974 503 1087 553 Illuc,
1111 517 1258 556 quaeso,
1280 502 1377 552 redi,
1399 517 1478 556 quo

159 571 327 626 coepisti,
350 572 555 612 AEschine.

0 640 82 680 AEs.
123 638 249 679 Minis
268 639 411 693 viginti
431 645 475 679 tu
494 639 604 678 illam
624 638 767 687 emisti,
789 650 880 691 quae
898 651 962 677 res
982 638 1053 677 tibi
1074 643 1204 677 vortat
1221 637 1326 678 male
1343 637 1352 676 !

0 707 168 761 Argenti
206 713 364 746 tantum
403 706 572 746 dabitur.
620 730 626 735 ·
673 706 740 746 SA.
800 705 919 754 Quid,
960 705 992 745 si
1012 719 1087 759 ego
1126 705 1198 745 tibi
1235 705 1347 745 illam
1386 705 1478 745 nolo

162 774 338 814 vendere
353 774 369 813 2

0 841 123 895 Coges
142 841 239 880 me?
294 841 382 880 AES.
405 840 589 881 Minime.
650 841 717 880 SA.
749 839 936 893 Namque
957 841 999 881 id
1018 841 1156 881 metui.
1215 841 1301 880 AEs.
1334 841 1479 894 Neque

158 907 418 947 vendundam
439 921 598 956 censeo,

0 975 95 1019 Quae
114 973 312 1014 libera’st:
343 988 439 1014 nam
460 988 535 1027 ego
554 973 709 1013 liberali
728 973 839 1013 illam
860 987 992 1014 assero
1013 988 1132 1014 causa
1151 988 1288 1014 manu.
1420 976 1474 1014 40

0 1039 114 1080 Nunc
145 1039 248 1090 vide,
276 1045 412 1080 utrum
440 1040 524 1090 vis;
556 1046 769 1094 argentum
793 1041 988 1094 accipere,
1017 1055 1069 1081 an
1103 1055 1266 1081 causam
1294 1040 1479 1080 meditari

163 1113 288 1148 tuam.

0 1175 186 1215 Delibera
204 1175 291 1224 hoc,
313 1176 410 1216 dum
431 1189 506 1229 ego
525 1175 656 1225 redeo,
677 1175 781 1215 leno.
854 1176 921 1215 SA.
963 1176 1041 1215 Pro
1060 1189 1245 1229 supreme
1266 1174 1450 1229 Jupiter!

0 1243 169 1284 Minime
189 1244 323 1292 miror,
347 1244 415 1296 qui
435 1243 609 1283 insanire
631 1243 834 1297 occipiunt
853 1257 904 1282 ex
922 1243 1081 1296 injuria.

0 1310 134 1351 Domo
153 1324 219 1350 me
240 1311 395 1364 eripuit,
417 1311 668 1351 verberavit:
698 1324 763 1350 me
784 1311 912 1350 invito
932 1310 1100 1350 abduxit
1118 1323 1253 1350 meam
1270 1324 1279 1349 :

0 1377 169 1417 Homini
190 1377 336 1417 misero
355 1377 445 1431 plus
466 1377 705 1430 quingentos
724 1377 912 1430 colaphos
933 1377 1094 1430 infregit
1112 1376 1226 1416 mihi.
1426 1379 1476 1415 45

0 1444 62 1483 Ob
81 1443 296 1483 malefacta
314 1443 402 1483 haec
423 1439 617 1483 tantidem
638 1449 787 1483 emtam
806 1443 981 1497 postulat
999 1444 1074 1484 sibi
1093 1444 1254 1484 tradier.

0 1509 153 1551 Verum
173 1512 293 1560 enim,
317 1511 477 1564 quando
495 1511 598 1550 bene
617 1511 848 1564 promeruit,
870 1510 940 1550 fiat
956 1525 965 1550 :
997 1524 1113 1550 suum
1128 1512 1195 1563 jus
1213 1510 1400 1564 postulat.

0 1578 101 1631 Age,
118 1578 206 1631 jam
226 1578 354 1631 cupio,
377 1577 496 1617 modo
517 1577 548 1617 si
569 1582 780 1630 argentum
800 1577 964 1617 reddat:
996 1578 1065 1618 sed
1084 1592 1160 1631 ego
1179 1578 1255 1618 hoc
1274 1577 1460 1618 hariolor-

0 1644 80 1685 Ubi
99 1658 165 1684 me
186 1644 326 1684 dixero
347 1644 440 1683 dare
462 1644 575 1692 tanti,
597 1643 707 1682 testis
726 1643 847 1683 faciet
865 1643 982 1693 illico,
1031 1681 1047 1688 ,

5 1711 246 1751 Vendidisse
266 1724 344 1759 me,
367 1710 416 1750 de
436 1715 603 1763 argento
623 1709 845 1750 somnium:
877 1724 998 1749 mox:
1031 1724 1117 1750 cras
1136 1710 1232 1750 redi.
1428 1713 1481 1750 50

1 1776 52 1817 Id
70 1791 227 1831 quoque
246 1790 408 1830 possum
427 1776 542 1824 ferre,
564 1776 684 1815 modo
704 1776 736 1815 si
755 1775 917 1825 reddat3
950 1789 1180 1829 quanquam
1200 1776 1454 1829 injurium’st.

2 1845 158 1884 Verum
177 1845 308 1898 cogito
327 1844 380 1893 id,
402 1844 509 1897 quod
528 1857 591 1883 res
611 1849 695 1892 est3
727 1844 888 1896 quando
908 1857 1000 1883 eum
1021 1850 1217 1897 quaestum
1239 1844 1451 1898 occeperis,

3 1912 258 1967 Accipiunda
277 1917 318 1952 et
336 1910 583 1952 mussitanda
602 1910 748 1964 injuria
766 1911 1145 1951 adulescentium'st.

2 1980 83 2020 Sed
100 1993 221 2020 nemo
240 1979 375 2020 dabit:
405 1979 551 2019 frustra
569 1977 642 2017 has
662 1982 822 2030 egomet
840 1991 1001 2017 mecum
1020 1977 1192 2018 rationes
1211 1983 1321 2031 puto.

416 2178 594 2218 ACTUS
626 2178 683 2219 11.
746 2177 923 2218 SCENA
956 2179 1014 2219 ΙΙ.

555 2281 703 2319 Snus.
763 2280 937 2320 SANNlo.

13 2388 81 2427 sv.
119 2386 238 2435 Tace,
261 2389 422 2438 egomet
441 2383 678 2424 conveniam
707 2384 865 2437 ipsum:
896 2385 1040 2439 cupide
1062 2385 1233 2439 accipiat
1253 2385 1341 2439 Jam
1368 2387 1486 2427 faxo:

176 2459 295 2506 atque
316 2453 438 2492 etiam

15 2512 126 2562 Bene
140 2521 245 2562 dicat
257 2534 391 2560 secum
405 2533 488 2559 esse
509 2525 656 2559 actum.
716 2519 824 2564 Quid
836 2519 948 2569 istuc,
966 2520 1177 2569 Sannio’st,
1196 2521 1303 2574 quod
1319 2527 1357 2561 te
1371 2521 1489 2561 audio

17 2587 162 2630 Nescio
181 2589 276 2643 quid
297 2594 543 2628 concertasse
565 2601 658 2627 cum
677 2587 806 2627 hero?
872 2588 939 2627 SA.
971 2587 1192 2641 Nunquam
1214 2589 1296 2628 vidi
1315 2589 1491 2643 iniquius
1510 2613 1517 2618 -

19 2655 285 2696 Certationem
305 2660 589 2708 comparatam,
612 2668 733 2709 quam
752 2654 883 2704 hodie,
907 2669 997 2708 quae
1017 2655 1122 2694 inter
1140 2670 1214 2695 nos
1233 2656 1310 2695 fuit
1326 2671 1335 2695 :

20 2721 106 2777 Ego
124 2723 362 2777 vapulando,
384 2722 450 2762 ille
472 2723 731 2771 verberando,
753 2736 878 2775 usque
897 2723 1016 2762 ambo
1035 2723 1179 2763 defessi
1200 2738 1348 2763 sumus.
1467 2724 1492 2763 5

22 2789 88 2831 SY.
125 2790 213 2831 Tua.
231 2789 360 2843 culpa.
446 2790 512 2829 SA.
553 2789 661 2835 Quid
679 2790 884 2829 facerem?
958 2791 1024 2830 Sv.
1061 2790 1323 2831 Adulescenti
1342 2803 1495 2831 morem

181 2863 340 2911 gestum
359 2857 543 2911 oportuit.

738 2937 761 2961 o
783 2925 807 2962 2
