1670 3080
564 117 723 150 Ac'rus
751 117 829 150 111.
899 118 1065 150 SCENA
1100 119 1136 150 1.
1490 104 1585 153 163

108 206 202 246 Non
220 220 442 256 maxumas,
464 220 552 260 quae
573 221 776 247 maxumae
795 212 889 246 sunt
906 207 1107 247 interdum
1127 207 1210 255 irae,
1231 207 1396 260 injurias

107 273 300 314 Faciunt:
327 258 426 315 iram
455 289 560 328 saepe
591 280 660 323 est,
683 275 826 328 quibus
847 275 890 314 in
918 276 1036 315 rebus
1062 274 1162 315 alius
1190 289 1241 315 ne
1264 276 1391 316 iratus
1416 277 1579 330 quidem

267 347 337 391 est,

105 407 206 448 Cum
226 407 275 447 de
295 408 437 448 eadem
457 422 576 448 causa
596 414 655 448 est
672 408 887 448 iracundus
903 409 1035 449 'factus
1054 399 1363 450 inimicissimus.

104 475 223 515 Pueri
240 476 347 517 inter
370 491 455 517 sese
475 491 573 530 quas
592 490 665 530 pro
683 476 838 517 levibus
857 477 988 517 noxiis
1006 477 1085 517 iras
1103 478 1275 531 gerunt!
1524 481 1579 518 30

103 543 381 598 Quapropter?
427 544 522 598 quia
559 544 667 584 enim
706 544 775 597 qui
813 558 880 584 eos
920 545 1120 597 gubernat
1163 544 1334 594 animus,
1374 544 1579 585 infirmum

262 617 420 665 gerunt.

102 675 248 716 Itidem
267 676 347 716 illae
367 677 554 717 mulieres
573 681 676 725 sunt,
697 676 823 716 ferme
843 682 889 716 ut
907 676 1032 730 pueri,
1052 676 1132 717 levi
1152 677 1375 718 sententia:

102 742 283 783 Fortasse
312 757 440 783 unum
468 743 631 796 aliquod
658 744 825 783 verbum
852 743 958 783 inter
987 758 1054 784 eas
1082 744 1184 784 iram
1212 744 1318 784 hanc
1347 745 1576 794 concivisse,

262 811 370 852 here.

100 877 205 917 PAM.
246 878 338 927 Abi,
362 879 570 927 Parmeno,
591 878 708 926 intro,
730 891 776 916 ac
796 891 862 916 me
881 877 1036 918 venisse
1057 878 1211 918 nuntia.
1298 878 1400 918 Pin.
1438 878 1573 918 Hem!

259 945 355 998 quid
373 945 449 985 hoc
469 946 559 985 est?
642 945 749 984 ΡΑΜ.
788 945 907 984 Tace.

97 1012 305 1066 Trepidari
323 1013 464 1062 sentio,
487 1019 527 1053 et
546 1012 695 1053 cursari
714 1026 873 1052 rursum
892 1026 1088 1066 prorsum.
1166 1012 1268 1052 PAR.
1300 1013 1501 1066 Agedum,
1523 1014 1574 1054 ad

259 1080 364 1120 fores
1520 1084 1571 1122 35

95 1146 256 1186 Accedo
274 1147 436 1201 propius
452 1161 461 1187 :
490 1146 587 1187 hem
604 1147 612 1186 ἱ
644 1147 869 1186 sensistin’?
953 1147 1061 1186 ΡΑΜ.
1102 1146 1198 1187 Noli
1216 1146 1444 1188 fabularier.

95 1214 173 1253 Pro
193 1214 362 1267 Jupiter,
384 1214 600 1254 clamorem
621 1214 768 1254 audivi.
854 1214 956 1254 PAR.
997 1215 1100 1254 Tute
1120 1214 1305 1268 loqueris,
1327 1229 1393 1255 me
1413 1221 1536 1256 vetas.

95 1279 184 1318 Mr.
223 1280 341 1329 Tace,
363 1281 537 1330 obsecro,
567 1294 660 1320 mea
681 1282 815 1334 gnata.
902 1281 1010 1320 PAM.
1051 1281 1196 1321 Matris
1214 1295 1295 1322 vox
1314 1282 1450 1322 visa’st
1477 1283 1572 1323 Phi-

255 1347 444 1388 lumenae.

95 1413 241 1453 Nullus
260 1427 360 1453 sum.
419 1414 521 1453 Pin.
544 1414 624 1458 Qui
643 1414 769 1453 dum?
825 1414 931 1454 PAM.
954 1414 1086 1454 Perii!
1145 1416 1247 1456 PAR.
1270 1416 1571 1461 Quamobrem?

256 1481 364 1520 PAM.
405 1480 550 1520 Nescio
571 1480 678 1534 quod
695 1494 890 1534 magnum
910 1482 1063 1522 malum

94 1546 288 1596 Profecto,
311 1547 520 1595 Parmeno,
542 1561 607 1586 me
627 1547 743 1586 celas.
830 1547 931 1587 PAR.
971 1548 1150 1588 Uxorem
1171 1548 1452 1590 Philumenam
1514 1553 1568 1590 40

95 1614 277 1653 Pavitare
298 1614 432 1653 nescio
452 1613 548 1667 quid
568 1613 755 1653 dixerunt
771 1628 779 1652 :
810 1613 852 1653 id
871 1614 903 1653 si
921 1614 1022 1654 forte
1042 1620 1111 1663 est,
1133 1615 1279 1654 nescio.

95 1680 200 1719 PAM.
242 1680 382 1720 Interii
399 1695 407 1719 :
439 1694 509 1719 cur
527 1679 569 1719 id
588 1680 687 1719 mihi
706 1693 788 1719 non
807 1679 937 1719 dixti?
1020 1681 1122 1721 PAR.
1162 1681 1267 1726 Quia
1286 1695 1367 1721 non
1387 1687 1567 1735 poteram

252 1760 335 1786 una
354 1747 500 1786 omnia.

94 1813 200 1853 Pin.
242 1814 349 1858 Quid
366 1814 496 1853 morbi
516 1814 602 1853 est?
687 1814 788 1853 PAR.
839 1814 997 1854 Nescio.
1084 1814 1192 1855 Pin.
1242 1815 1376 1860 Quid?
1403 1817 1565 1857 nemon’

252 1881 454 1921 medicum
474 1881 667 1920 adduxit?
750 1881 852 1920 PAR.
893 1881 1052 1921 Nescio.

92 1946 197 1986 Pin.
239 1947 356 1986 Cesso
386 1946 479 1986 hinc
510 1947 567 1986 ire
598 1947 715 1995 intro,
744 1951 790 1985 ut
821 1946 897 1986 hoc
927 1947 1236 2001 quamprimum,
1272 1947 1462 2001 quicquid
1492 1954 1562 1998 est,

252 2020 358 2054 certo
378 2014 530 2054 sciam?

91 2081 276 2125 Quonam
296 2081 426 2129 modo,
450 2080 690 2120 Philumena
708 2094 810 2129 mea,
832 2093 941 2120 nunc
961 2085 1000 2121 te
1020 2080 1220 2121 offendam
1241 2081 1455 2122 affectam?
1510 2086 1561 2123 45

90 2147 198 2188 Nam
217 2148 250 2188 si
268 2148 463 2202 periclum
481 2148 524 2188 in
545 2154 583 2188 te
603 2148 731 2188 ullum
750 2148 1043 2202 inest‚-perisse
1072 2163 1138 2188 me
1162 2162 1245 2188 una
1268 2148 1379 2190 haud
1397 2150 1562 2191 dubium

250 2222 322 2256 est.

90 2283 190 2323 PAR.
231 2284 326 2324 Non
343 2298 438 2324 usus
457 2283 564 2324 facto
584 2289 644 2323 est
661 2283 761 2323 mihi
780 2296 888 2322 nunc
907 2281 1016 2322 hunc
1037 2281 1141 2322 intro
1162 2283 1297 2337 sequi:

89 2350 197 2390 Nam
215 2351 362 2391 invisos
381 2365 519 2390 omnes
538 2365 611 2390 nos
631 2364 714 2391 esse
734 2349 811 2388 illis
831 2348 969 2389 sentio.

89 2416 191 2456 Heri
209 2431 328 2456 nemo
348 2417 473 2456 voluit
493 2417 710 2456 Sostratam
728 2416 834 2455 intro
853 2415 1074 2454 admittere.

89 2483 131 2523 Si
148 2483 248 2523 forte
267 2484 429 2523 morbus
449 2482 618 2536 amplior
636 2483 764 2522 factus
783 2481 868 2531 siet,
1506 2487 1558 2524 50

89 2549 206 2596 Quod
226 2564 320 2590 sane
340 2550 476 2598 nolim,
497 2563 686 2589 maxume
704 2548 793 2588 heri
812 2561 932 2588 causa
949 2548 1042 2597 mei,

90 2617 253 2657 Servom
272 2617 377 2657 illico
397 2617 592 2656 introiisse
613 2616 748 2656 dicent
767 2616 966 2664 Sostratae,

90 2684 256 2738 Aliquid
273 2684 407 2724 tulisse
428 2685 777 2724 comminiscentur
794 2683 892 2723 mali

91 2750 218 2803 Capiti
238 2757 357 2803 atque
377 2751 485 2790 aetati
504 2751 676 2799 illorum,
698 2751 766 2804 qui
779 2750 866 2803 jam
886 2756 1025 2790 auctus
1046 2750 1130 2791 siet.

92 2817 204 2858 Hera
222 2817 264 2857 in
285 2818 434 2857 crimen
454 2818 598 2867 veniet,
622 2831 696 2870 ego
716 2831 810 2857 vero
828 2818 870 2857 in
890 2831 1083 2871 magnum
1103 2817 1267 2858 malum.
1506 2826 1556 2862 55
