1670 3080
566 268 744 308 ACTUS
778 267 835 308 II.
894 266 1075 307 SCENA
1104 267 1188 309 ΙΙΙ.

431 371 576 411 Snus.
634 370 802 410 Daouo.
860 371 1024 409 CmmA.
1082 369 1298 410 Cmmno.

135 478 201 517 Sr.
240 476 334 516 Ain’
368 477 440 516 tu?
521 476 600 515 Da.
650 474 713 514 Sic
751 480 834 514 est:
882 489 1020 515 verum
1056 475 1219 524 interea,
1258 477 1354 517 dum
1392 492 1592 519 sermones

294 542 494 590 caedimus,

134 608 221 649 111ae
240 613 332 647 sunt
349 607 510 647 relictae.
595 606 708 645 Cur.
748 605 896 645 Mulier
914 605 986 645 tibi
1004 606 1139 655 adest3
1171 607 1317 656 audin’,
1341 608 1497 648 Clinia?

133 676 250 715 ΟΜΝ.
291 675 378 728 Ego
397 687 490 714 vero
509 673 626 713 audio
645 686 751 713 nunc
771 672 934 712 demum
953 679 994 712 et
1010 673 1102 713 vivo
1122 679 1162 712 et
1179 674 1304 723 valeo,
1328 675 1512 728 Clitipho.

133 740 200 779 SY.
240 739 410 780 Minime
429 739 575 778 mirum
591 753 600 778 ε
630 737 730 778 adeo
747 737 950 791 impeditae
969 743 1085 777 sunt:
1117 738 1351 778 ancillarum
1370 753 1535 793 gregem

132 807 296 847 Ducunt
310 819 455 845 secum.
506 805 621 844 ΟΜΝ.
644 803 774 844 Perii!
805 804 911 844 unde
926 803 983 843 illi
997 809 1090 843 sunt
1109 804 1291 844 ancillae?
1339 805 1452 845 Cmr.
1475 806 1588 845 Men'

291 886 336 911 ro
365 872 436 911 as?
1561 876 1586 912 5

131 940 197 978 SY.
237 885 536 991 Nongoportuit
566 936 745 977 relictas:
786 942 946 990 portant
977 936 1072 990 quid
1103 950 1249 976 rerum.
1349 938 1465 977 ΟΜΝ.
1507 939 1587 978 Hei

289 1003 414 1043 mihi!

129 1072 196 1110 Sv.
235 1072 403 1119 Aurum,
425 1076 575 1110 vestem
592 1084 600 1109 :
631 1075 671 1109 et
688 1069 937 1123 vesperascit,
959 1074 998 1109 et
1015 1082 1096 1109 non
1115 1074 1312 1109 noverunt
1330 1070 1448 1110 viam.

130 1137 296 1176 Factum
315 1150 340 1176 a
357 1136 470 1176 nobis
484 1135 601 1176 stulte
622 1140 681 1175 est
697 1148 706 1175 :
737 1135 802 1175 abi
821 1135 916 1174 dum
935 1141 990 1183 tu,
1012 1135 1176 1184 Dromo,
1197 1134 1274 1174 illis
1294 1135 1451 1176 obviam
1467 1151 1475 1175 :

129 1203 298 1257 Propere
315 1218 323 1242 :
345 1203 441 1257 quid
459 1203 567 1243 stas?
622 1203 738 1242 ΟΜΝ.
770 1198 845 1242 Vae
864 1202 1008 1241 misero
1025 1201 1093 1251 mi,
1110 1207 1258 1255 quanta
1273 1202 1322 1242 de
1342 1216 1410 1256 spe
1430 1203 1558 1243 decidi
1574 1204 1584 1242 ἒ

129 1270 242 1309 Cur.
276 1271 356 1315 Qui
379 1270 509 1310 istuc?
537 1283 626 1324 quae
654 1283 715 1310 res
743 1275 781 1309 te
809 1268 977 1309 solicitat
1001 1270 1166 1308 autem?
1249 1269 1365 1308 ΟΜΝ.
1406 1270 1582 1322 Rogitas,

289 1337 384 1389 quid
403 1337 504 1376 siet?
1304 1339 1308 1344 “
1535 1339 1583 1375 10

130 1404 272 1444 Viden’
293 1405 364 1444 tu?
396 1403 569 1452 ancillas,
591 1417 743 1452 aum,
765 1408 926 1452 vestem,
949 1416 1069 1455 quam
1089 1416 1163 1455 ego
1184 1416 1275 1442 cum
1295 1416 1379 1442 una
1398 1403 1585 1443 ancillula

129 1471 208 1511 Hic
223 1470 376 1524 reliqui,
392 1470 498 1510 unde
515 1484 598 1510 esse
614 1471 775 1510 censes?
822 1470 936 1509 Cmr.
958 1470 1072 1509 Vah!
1094 1483 1200 1509 nunc
1216 1469 1378 1509 demum
1390 1470 1581 1523 intelligo.

128 1539 195 1578 SY.
234 1538 289 1577 Di
306 1538 412 1587 boni,
433 1537 529 1591 quid
547 1537 753 1576 turbae'st?
780 1536 887 1576 aedes
906 1541 1049 1575 nostrae
1069 1536 1138 1575 vix
1157 1537 1325 1590 capient,
1348 1537 1441 1577 scio.

127 1603 234 1648 Quid
252 1604 490 1643 comedent?
518 1603 614 1656 quid
632 1603 819 1642 ebibent?
847 1603 943 1655 quid
961 1616 1054 1642 sene
1075 1603 1150 1642 erit
1166 1608 1301 1642 nostro
1319 1603 1530 1644 miserius?

128 1671 205 1710 Sed
222 1670 349 1719 video,
370 1684 493 1719 eccm,
524 1684 621 1724 quos
640 1669 833 1710 volebam.
919 1670 1035 1708 CLIN.
1076 1671 1112 1709 Ο
1134 1670 1301 1722 Jupiter,
1330 1670 1494 1710 ubinam
1524 1677 1602 1711 est>

286 1737 384 1777 fides
397 1738 413 1776 ‘Z
1532 1741 1579 1777 15

127 1803 237 1842 Dum
256 1816 329 1855 ego
348 1809 508 1856 propter
526 1808 564 1841 te
585 1815 719 1841 errans
738 1802 866 1855 patria
885 1815 999 1841 careo
1019 1802 1195 1851 demenS,
1217 1808 1260 1842 tu
1279 1802 1433 1842 interea
1450 1803 1527 1843 loci

126 1869 454 1923 Collocupletasti,
476 1869 695 1922 Antiphila,
717 1875 767 1917 te,
789 1874 829 1907 et
846 1882 911 1908 me
930 1868 972 1908 in
989 1868 1052 1907 his
1071 1868 1277 1908 deseruisti
1295 1868 1410 1908 malis
1426 1885 1435 1918 ;

126 1936 291 1990 Propter
317 1949 438 1989 quam
459 1936 501 1975 in
523 1950 679 1976 summa
703 1935 869 1975 infamia
894 1950 993 1985 sum,
1019 1942 1059 1975 et
1084 1949 1175 1975 meo
1202 1935 1305 1989 patri
1331 1936 1464 1976 minus
1492 1948 1580 1977 sum

285 2003 515 2055 obsequens.
1240 2014 1243 2015 ⁷

124 2068 244 2122 Cujus
263 2082 369 2108 nunc
388 2068 512 2121 pudet
530 2081 594 2107 me
614 2073 654 2107 et
671 2067 842 2116 miseret,
865 2068 933 2120 qui
950 2067 1094 2107 harum
1113 2081 1243 2107 mores
1263 2068 1449 2108 cantabat
1466 2069 1577 2118 mihi,

123 2136 324 2175 Monuisse
354 2135 510 2184 frustra,
531 2148 660 2188 neque
694 2148 786 2174 eum
814 2134 986 2188 potuisse
1016 2147 1193 2187 unquam
1225 2134 1275 2174 ab
1307 2134 1384 2174 hac
1418 2149 1483 2175 me
1512 2150 1581 2175 ex·

279 2202 448 2256 pellere:
1527 2206 1579 2241 20

121 2270 238 2315 Quod
255 2275 391 2309 tamen
410 2283 517 2308 nunc
531 2269 695 2308 faciam:
717 2275 813 2317 tum,
835 2281 926 2307 cum
945 2275 1104 2321 gratum
1122 2269 1179 2308 mi
1198 2283 1281 2309 esse
1299 2269 1438 2322 potuit,
1456 2270 1577 2309 nolui.

122 2337 251 2376 Nemo
270 2343 329 2376 est
346 2336 523 2375 miserior
542 2349 619 2374 me.
678 2335 744 2373 SY.
785 2334 864 2373 Hic
884 2334 933 2373 de
952 2334 1095 2374 nostris
1114 2334 1242 2374 verbis
1261 2341 1366 2374 errat
1383 2335 1576 2384 videlicet,

121 2405 221 2448 Quae
242 2403 307 2442 hic
336 2416 471 2442 sumus
495 2401 628 2442 locuti.
686 2400 826 2449 Clinia,
857 2400 971 2439 aliter
998 2406 1112 2440 tuum
1140 2414 1330 2449 amorem,
1359 2406 1478 2454 atque
1506 2408 1576 2450 est,

280 2470 443 2523 accipis:

121 2536 227 2576 Nam
246 2542 285 2576 et
302 2536 434 2576 vita'st
452 2536 601 2584 eadem,
623 2542 662 2575 et
679 2535 835 2574 animus
854 2542 893 2574 te
914 2548 1008 2587 erga
1024 2535 1131 2587 idem
1151 2548 1196 2574 ac
1215 2535 1316 2584 fuit;

121 2603 324 2648 Quantum
344 2616 395 2642 ex
411 2602 498 2655 ipsa
515 2615 557 2641 re
577 2601 845 2655 conjecturam
863 2601 1040 2641 fecimus.
1526 2604 1575 2640 25

121 2669 238 2713 ΟιιΝ.
268 2669 375 2714 Quid
394 2674 452 2709 est
471 2668 659 2708 obsecro?
685 2681 779 2707 nam
798 2667 898 2707 mihi
917 2681 1023 2707 nunc
1042 2667 1101 2708 nil
1118 2681 1252 2708 rerum
1271 2668 1511 2716 omnium'st,

121 2737 237 2781 Quod
255 2736 404 2784 malim,
427 2748 547 2788 quam
566 2749 630 2774 me
648 2734 723 2773 hoc
742 2734 841 2773 falso
861 2733 1105 2786 suspicarier.

123 2803 188 2842 SY.
220 2803 309 2843 Hoc
328 2803 517 2856 primum,
534 2806 580 2841 ut
598 2815 648 2841 ne
669 2801 765 2854 quid
781 2800 899 2854 hujus
919 2813 1052 2840 rerum
1070 2801 1254 2855 ignores:
1285 2814 1395 2848 anus,
