1670 3080
124 157 188 209 34
753 175 970 208 ANDRIA.

125 267 196 306 Cn.
237 266 352 306 Itane
372 278 466 306 vero
485 264 697 305 obturbat?
771 265 846 305 Cn.
887 265 1027 319 Perge.
1101 265 1172 304 Cn.
1203 262 1308 303 Tum
1326 261 1362 302 is
1379 260 1479 302 mihi
1498 273 1592 316 cog-

285 338 402 374 natus
420 333 506 382 fuit,

124 401 204 446 Qui
223 415 315 441 eum
333 401 504 455 recepit:
534 401 589 441 ibi
608 414 683 454 ego
702 400 836 441 audivi
856 414 908 440 ex
925 399 994 440 illo
1013 412 1098 439 sese
1117 411 1202 439 esse
1222 397 1415 438 Atticum.

126 467 166 507 Is
184 467 240 507 ibi
258 473 436 507 mortuus
454 473 526 506 est.
611 468 686 507 Cn.
727 467 824 520 Ejus
843 466 1024 506 nomen?
1097 465 1170 505 Ca.
1203 465 1365 504 Nomen
1383 469 1468 504 tam
1486 462 1593 504 citor

284 535 360 575 ΡΑ.
400 534 565 574 Phania.
651 535 727 573 C1-1.
768 534 889 583 Hem,
1538 532 1589 570 25

125 602 243 643 Perii.
301 602 372 641 CR.
395 602 547 641 Verum
566 601 699 640 hercle
719 601 861 653 opinor
878 600 998 640 fuisse
1019 598 1217 639 Phaniam
1234 613 1243 637 ε
1272 597 1349 638 hoc
1369 602 1477 637 certo
1496 596 1589 644 scio,

125 669 420 710 Rhamnusium
453 682 537 707 sese
571 668 678 707 aibat
704 681 800 707 esse.
887 667 963 706 Cu.
1003 667 1041 706 Ο
1073 665 1241 719 Jupiter.
1327 665 1399 704 Cn.
1439 663 1592 704 Eadem

286 737 385 784 haec,
410 735 590 784 Chreme,

127 803 247 844 Multi
266 803 333 843 alii
351 803 393 841 in
414 801 554 841 Andro
574 800 774 840 audivere.
870 801 945 840 Cn.
995 801 1161 840 Utinam
1180 799 1223 840 id
1245 799 1305 849 sit,
1327 798 1435 852 quod
1453 811 1566 853 spero
1583 812 1593 837 τ

287 869 374 917 eho,
396 869 458 908 dic
478 867 588 916 mihi,

126 938 234 983 Quid
254 951 342 977 eam
371 936 486 975 tum?
515 948 680 975 suamne
706 948 790 974 esse
816 935 953 975 aibat?
1036 935 1108 974 Cn.
1143 933 1251 974 Non.
1338 933 1413 973 Cn.
1454 932 1594 986 Cujam

288 1003 439 1056 igitur?
525 1002 597 1041 Cn.
638 1001 785 1040 Fratris
804 1001 941 1041 filiam.

129 1070 203 1110 Cn.
244 1070 357 1109 Certe
377 1068 528 1108 mea’st.
600 1068 672 1107 Cn.
704 1067 811 1112 Quid
830 1068 914 1108 ais?
984 1069 1039 1108 S1.
1071 1067 1179 1113 Quid
1197 1073 1241 1107 tu
1259 1067 1346 1107 ais?
1416 1065 1488 1106 ΡΑ.
1520 1065 1599 1105 Ar-

289 1136 373 1188 rige
394 1148 520 1183 aures,
543 1133 763 1187 Pamphile.
1542 1133 1597 1171 30

130 1204 185 1243 S1.
226 1203 306 1248 Qui
325 1202 479 1242 credis?
536 1202 611 1240 Cn.
653 1201 807 1241 Phania
826 1200 906 1241 illic
924 1202 1046 1241 frater
1063 1213 1177 1240 meus
1195 1200 1282 1240 fuit.
1352 1199 1410 1240 Si.
1444 1197 1598 1239 Noram

350 1284 442 1309 scio.

131 1338 205 1378 Cn.
247 1275 415 1384 Iseltunc,
446 1335 597 1375 bellum
622 1335 792 1389 fugiens,
817 1349 962 1389 meque
986 1335 1030 1376 in
1059 1336 1200 1376 Asiam
1225 1347 1480 1389 persequens,
1509 1347 1599 1387 pro·

292 1402 503 1451 ficiscitur3

130 1472 235 1511 Tum
254 1470 364 1510 illam
382 1470 447 1509 hic
466 1470 690 1523 relinquere
710 1470 858 1509 veritus
879 1476 957 1509 est:
978 1470 1137 1523 postilla
1150 1483 1260 1510 nuno
1277 1469 1454 1524 primum
1468 1467 1598 1518 audi0‚
1668 1491 1670 1493 ·

132 1538 239 1583 Quid
256 1537 325 1577 illo
344 1537 394 1576 sit
411 1537 574 1576 factum.
660 1536 733 1575 ΡΛ.
773 1536 856 1576 Vix
874 1550 962 1576 sum
981 1537 1090 1590 apud
1106 1551 1172 1576 me
1190 1551 1198 1576 :
1227 1537 1285 1576 ita
1309 1536 1467 1577 animus
1493 1548 1602 1576 eom·-

294 1602 476 1642 motus’st
493 1608 615 1651 metu,

133 1671 222 1723 Spe,
242 1670 401 1722 gaudio,
422 1669 605 1708 mirando
623 1669 700 1708 hoc
719 1674 843 1718 tanto,
865 1675 947 1709 tarn
966 1669 1176 1723 repentino
1195 1668 1314 1709 bono.
1550 1674 1602 1712 35
1667 1721 1670 1725 Ι

133 1737 189 1776 S1.
230 1736 307 1775 Nae
333 1736 451 1774 istam
476 1735 722 1776 multimodis
748 1741 859 1775 tuam
888 1736 1062 1776 inveniri
1092 1736 1261 1789 gaudeo.
1347 1735 1420 1775 ΡΑ.
1459 1733 1597 1775 Credo.
1667 1742 1670 1746 “

294 1808 419 1855 pater.

135 1870 209 1909 Cn.
251 1870 307 1908 At
343 1869 400 1907 mi
429 1882 532 1907 unus
566 1869 773 1921 scrupulus
810 1869 931 1909 etiam
963 1876 1097 1920 restat,
1133 1871 1202 1924 qui
1232 1884 1297 1911 me
1328 1869 1433 1910 male
1463 1869 1600 1910 habet.

298 1935 370 1974 ΡΑ.
410 1935 570 1987 Dignus
589 1949 631 1974 es

135 2003 236 2042 Cum
256 2007 325 2040 tua
341 2000 544 2053 religione,
567 2001 724 2040 odium:
755 2001 907 2041 nodum
928 2002 971 2042 in
991 2003 1120 2056 scirpo
1140 2003 1296 2056 quaeris.
1383 2003 1457 2043 Cn.
1497 1998 1607 2048 Quid
1663 2018 1668 2022 ·’

296 2069 397 2108 istuc
418 2069 506 2108 est?

135 2137 297 2177 Nomen
333 2150 415 2175 non
453 2137 652 2176 convenit.
747 2138 819 2177 Cn.
870 2137 963 2178 Fuit
1005 2137 1139 2178 hercle
1175 2137 1270 2178 huie
1307 2136 1416 2178 aliud
1454 2149 1604 2191 parvae.

182 2209 186 2212 ’
299 2204 374 2243 Cn.
415 2204 544 2252 Quod,
568 2204 706 2244 Crito?

136 2270 344 2323 Numquid
362 2270 609 2310 meministi?
678 2271 749 2310 Ca.
782 2271 832 2311 Id
851 2284 997 2325 quaero.
1071 2272 1143 2311 ΡΑ.
1175 2271 1304 2325 Egon’
1318 2271 1440 2326 huJus
1453 2285 1562 2313 mem
1573 2284 1603 2310 o-

297 2337 399 2377 riam
416 2337 546 2390 patiar
563 2351 667 2377 meae
1495 2374 1510 2382 „
1555 2340 1609 2378 40

137 2403 346 2456 Voluptati
364 2404 532 2452 obstare,
554 2416 649 2443 cum
669 2409 828 2456 egomet
844 2404 993 2457 possim
1012 2405 1054 2444 in
1073 2404 1149 2445 hac
1168 2418 1212 2444 re
1230 2405 1424 2446 medicari
1442 2404 1542 2446 mihi
1648 2423 1651 2429 ’

138 2470 232 2511 Non
250 2470 404 2523 patiar:
423 2469 534 2519 heus,
557 2469 738 2520 Chreme,
760 2471 867 2524 quod
885 2471 1041 2524 quaeris,
1065 2472 1262 2512 Pasibula.
1338 2473 1414 2513 Cn.
1450 2472 1612 2527 Ipsa’ot.

302 2537 374 2575 Cn.
414 2537 474 2576 Ea
489 2536 546 2576 ’st.

139 2604 212 2642 ΡΑ.
239 2603 302 2641 Ex
319 2602 406 2655 ipsa
423 2602 553 2642 milies
572 2603 718 2643 audivi.
776 2604 833 2643 St.
856 2605 1008 2644 Omnes
1026 2618 1099 2644 nos
1117 2604 1293 2658 gaudere
1311 2605 1400 2655 hoc,
1423 2595 1613 2655 Chreme,
1658 2632 1660 2634 v

140 2671 198 2710 Te
219 2670 336 2710 credo
357 2670 529 2710 credere.
616 2671 691 2710 Cn.
732 2671 796 2711 I-ta
826 2685 890 2711 me
912 2671 967 2711 Di
986 2677 1134 2721 ament,
1163 2673 1293 2712 credo.
1389 2673 1462 2713 ΡΛ.
1501 2670 1610 2719 Quid

301 2742 435 2786 restat,
455 2738 595 2790 pater?
1649 2742 1651 2746 ⁴

142 2806 198 2844 St.
229 2804 477 2845 Jamdudum
496 2818 559 2845 res
578 2805 764 2845 redduxit
781 2819 846 2846 me
865 2806 952 2859 ipsa
969 2805 1012 2846 in
1031 2806 1213 2859 gratiam.
1271 2806 1344 2847 ΡΛ.
1366 2807 1404 2847 Ο
1432 2806 1608 2861 lepidum
1644 2831 1648 2837 ν

304 2877 459 2924 patrem
476 2872 486 2911 1
1555 2874 1608 2913 45
1651 2920 1654 2921 ⁷
