1670 3080
451 131 609 163 Ac'rns
647 131 722 162 111.
794 131 957 162 SCENA
981 130 1059 161 111.
1424 121 1486 170 97

36 220 115 262 Sed
131 225 310 261 nostrum
329 223 387 258 est
404 217 650 270 intelligere3
679 222 895 269 utcumque
914 221 1031 269 atque
1051 216 1289 267 ubicumque
1309 231 1406 270 opus
1426 220 1486 268 sit,

35 353 102 393 St.
141 286 368 396 Qutildseitdtllllc.
398 348 561 390 narrat?
643 347 713 387 Cn.
754 346 880 386 Perii!
965 346 1032 385 sy,
1073 345 1257 399 Clitipho,
1291 345 1378 386 haec
1415 359 1490 399 ego

192 416 380 470 praecipio
399 415 498 455 tibi?

35 483 222 527 Hominis
239 482 344 534 frugi
363 486 403 520 et
421 480 677 535 temperantis
694 478 885 519 functus’s
903 478 1090 518 officium.
1148 479 1217 518 CL.
1239 478 1342 520 Tace
1363 478 1487 518 sodes.

35 550 102 590 Sir.
141 550 265 589 Recte
284 561 392 588 sane.
467 548 542 587 Cn.
583 548 691 600 Syre,
713 546 837 600 pudet
854 559 930 585 me.
1016 546 1083 584 SY.
1119 545 1270 594 Credo;
1301 558 1430 598 neque
1449 545 1491 584 id

194 615 361 668 injuria:
392 614 488 668 quin
1437 613 1490 650 20

35 681 139 722 Mihi
157 681 428 721 molestum’st.
494 680 563 720 C1..
594 678 780 732 Pergin’?
840 678 907 718 SY.
939 677 1087 717 Hercle
1106 691 1245 717 verum
1264 677 1363 727 dico,
1385 678 1492 731 quod

263 762 284 787 e
351 778 361 787 .

35 815 104 855 Cr..
143 748 496 854 Ndiliiiietldrccedam
515 812 567 853 ad
584 811 702 852 illos?
774 811 849 851 Cu.
884 810 983 859 Eho,
1005 823 1151 864 quaesO,
1171 823 1253 850 una
1272 810 1490 851 accedundi

194 879 259 920 via
277 879 362 919 est?

34 947 101 986 Sv.
122 945 346 986 Actum'st:
365 944 430 984 hic
449 944 557 998 prius
575 957 616 983 se
634 943 828 991 indicarit,
850 956 970 996 quam
990 956 1064 995 ego
1083 948 1294 996 argentum
1313 942 1489 984 effecero.

34 1011 214 1060 Chreme,
235 1011 317 1051 vin’
337 1016 381 1050 tu
397 1009 552 1050 homini
570 1008 689 1050 stulto
708 1009 764 1048 mi
784 1008 1033 1048 auscultare?
1089 1009 1163 1049 Cu.
1194 1009 1302 1053 Quid
1318 1009 1493 1049 faciam?

194 1078 262 1118 sy,
301 1078 327 1118 J
329 1077 405 1117 ube
422 1077 530 1116 hunc

35 1144 158 1185 Abire
175 1143 270 1184 hinc
289 1143 434 1197 aliquo.
499 1143 568 1183 Cn.
603 1143 694 1187 Quo
713 1155 786 1195 ego
804 1141 898 1187 hinc
918 1142 1089 1181 abeam?
1153 1142 1218 1182 Sv.
1247 1142 1336 1187 Quo
1355 1142 1465 1182 lubet
1482 1157 1490 1181 :

64 1234 68 1236 -
195 1209 341 1252 da'illis
357 1210 489 1250 locum
505 1223 515 1248 :
1439 1211 1489 1248 25

36 1275 117 1316 Abi
134 1274 443 1315 deambulatum.
518 1274 588 1313 Cn.
618 1273 939 1322 Deambulatum,
961 1274 1069 1326 quo?
1138 1274 1204 1313 Suc.
1234 1273 1351 1314 Vah!
1382 1275 1493 1327 quasi

197 1339 299 1380 desit
314 1339 436 1381 loeus.

40 1407 122 1447 Abi
140 1419 235 1447 sane
254 1406 364 1455 istac,
384 1406 579 1453 istm-sum,
601 1405 750 1458 quovis.
835 1405 910 1445 Cu.
950 1405 1074 1445 Recte
1094 1405 1200 1455 dicit,
1218 1420 1370 1446 censeo.

38 1473 109 1514 cn.
148 1473 204 1514 Di
225 1478 264 1512 te
289 1471 500 1520 eradicent,
532 1472 640 1524 Syre,
670 1471 739 1524 qui
766 1485 830 1511 me
857 1471 950 1511 hinc
976 1472 1173 1512 extrudas.
1259 1474 1324 1512 SY.
1365 1474 1423 1513 At
1450 1479 1494 1513 tu

199 1539 271 1579 tibi
288 1539 382 1578 istas

41 1603 208 1645 Posthac
227 1603 476 1657 comprimito
495 1616 648 1642 manus.

40 1669 207 1710 Censen’
227 1670 349 1708 vero?
377 1669 472 1721 quid
490 1667 604 1708 illum
622 1681 737 1721 porro
757 1668 883 1708 credis
901 1669 1110 1718 facturum,
1133 1668 1312 1719 Chreme,
1441 1673 1493 1711 30

41 1735 130 1775 Nisi
149 1749 252 1784 eum,
273 1739 467 1788 quantum
485 1734 558 1773 tibi
575 1734 660 1787 opis
680 1734 735 1773 Di
753 1734 860 1783 dant,
882 1748 1023 1784 servas,
1046 1736 1224 1788 castigas,
1244 1738 1410 1777 mones?

42 1800 117 1840 Cn.
139 1800 226 1853 Ego
244 1799 344 1839 istuc
364 1799 521 1839 curabo.
570 1799 637 1838 SY.
658 1799 783 1851 Atqui
801 1812 920 1848 nunc,
940 1800 1047 1848 here,
1064 1801 1128 1840 hic
1148 1801 1219 1840 tibi
1237 1802 1496 1843 asservandus

203 1870 274 1905 est.
781 1874 786 1879 ’

44 1933 119 1973 Ca.
160 1932 259 1972 Fiet.
343 1931 410 1971 SY.
460 1931 501 1970 Si
537 1931 688 1985 sapias:
735 1944 830 1971 nam
866 1931 964 1975 mihi
996 1932 1082 1985 jam
1119 1933 1250 1973 minus
1286 1934 1497 1987 minusque

204 1999 462 2051 obtemperat.
954 2050 957 2052 -

45 2066 121 2106 Cu.
160 2064 267 2110 Quid
295 2064 368 2103 tu?
404 2063 545 2117 ecquid
576 2063 626 2102 de
658 2063 736 2112 illo,
772 2063 878 2116 quod
909 2064 1061 2105 dudum
1093 2070 1226 2105 tecum
1259 2067 1334 2119 egi,
1371 2067 1496 2120 egisti,

206 2130 232 2168 S
261 2129 330 2168 re?

48 2195 132 2236 Aut
162 2199 222 2235 est
234 2143 334 2243 ytibi,
369 2194 475 2248 quod
506 2193 671 2247 placeat,
704 2208 755 2234 an
788 2195 967 2235 nondum
993 2196 1142 2236 etiam?
1225 2199 1291 2238 sv.
1332 2198 1395 2238 De
1425 2199 1499 2239 fal-

206 2260 307 2300 lacia
1448 2269 1499 2306 35

51 2327 189 2368 Dicis?
215 2333 298 2366 est:
326 2326 463 2366 inveni
480 2340 608 2380 nuper
627 2327 840 2380 quandam.
925 2327 1000 2368 Cn.
1040 2328 1162 2382 Frugi
1181 2343 1248 2369 es:
1278 2331 1386 2380 cedo,
1408 2332 1504 2385 quid

210 2393 296 2432 est?

55 2458 121 2500 sre.
159 2457 328 2498 Dicam:
366 2464 516 2507 venun,
551 2464 597 2498 ut
626 2459 733 2499 aliud
760 2472 812 2498 ex
840 2458 918 2499 alio
949 2460 1099 2500 incidit.
1175 2462 1250 2502 Cn.
1290 2464 1503 2513 Quidnam,

214 2525 240 2564 S
289 2524 340 2563 e?

58 2588 126 2630 S!-
162 2537 352 2629 Pesgurma
369 2589 455 2629 haec
475 2595 534 2629 est
551 2589 750 2629 meretrix.
826 2590 902 2630 Cn.
941 2591 1006 2632 Ita
1023 2591 1190 2635 videtur.
1266 2595 1332 2634 SY.
1365 2595 1507 2645 Immo,

217 2669 250 2696 81
268 2669 378 2695 selas.

0 2731 8 2771 g
65 2706 178 2781 Vah!
207 2722 297 2761 vide
315 2723 422 2775 quod
439 2722 613 2774 inceptet
630 2722 795 2763 facinus.
854 2722 945 2761 Fuit
963 2723 1146 2775 quaedam
1165 2738 1264 2764 anus
1285 2726 1487 2767 Corinthia

0 2789 11 2842 ἐξΙῚ
66 2782 171 2834 Eisc3
198 2785 290 2826 huic
309 2786 614 2826 drachumamm
633 2787 788 2839 argenti
805 2785 892 2826 haec
913 2788 1021 2827 mille
1040 2788 1203 2828 dederat
1220 2796 1415 2830 mutuum.
1461 2794 1516 2831 40

779 2865 800 2889 r
