1670 3080
519 142 678 174 Aeros
704 140 782 172 111.
855 141 1023 173 SCENA
1047 141 1080 173 1.
1486 129 1547 177 51

75 231 301 287 Responde.
378 230 450 271 ΡΑ.
483 231 625 285 Capias
653 237 698 271 tu
721 230 826 271 illius
850 236 1015 271 vestem.
1102 230 1178 270 Cn.
1218 230 1414 271 Vestem?
1456 233 1552 286 quid

237 305 322 339 trun
342 299 509 353 postea?

74 365 146 407 ΡΑ.
188 366 266 407 Pro
295 366 364 406 illo
392 372 431 406 te
464 366 673 406 deducam.
759 367 836 406 Cu.
877 365 1025 406 Audio.
1044 396 1047 401 .
1111 365 1185 405 ΡΑ.
1224 365 1282 405 Te
1315 364 1431 406 illum
1465 380 1549 407 esse

236 434 380 474 dicam.
466 434 542 473 Cn.
582 433 782 487 Intelligo.
1497 437 1550 474 80

74 502 146 542 ΡΑ.
185 501 249 541 Tu
266 500 344 540 illis
362 501 494 541 fruare
513 501 744 550 commodis,
763 501 906 555 quibus
925 499 1039 541 illum
1059 500 1219 541 dicebas
1237 499 1358 540 modo
1375 514 1385 540 ε

73 569 215 608 Cibum
234 571 317 608 una
336 568 480 622 capiaS,
502 568 618 618 adsis,
641 573 792 622 tangas,
814 569 939 618 ludas,
960 573 1124 622 propter
1143 567 1316 608 dormias
1334 582 1343 608 z

72 636 408 690 Quandoquidem
427 637 586 677 illarum
605 651 737 691 neque
760 643 798 677 te
820 637 1032 691 quisquam
1060 636 1185 686 novit,
1215 648 1348 690 neque
1378 636 1454 677 scit
1481 636 1551 691 qui

233 718 322 744 sies.

72 772 270 813 Praeterea
287 772 416 812 forma
435 777 475 811 et
493 776 610 812 aetate
630 771 714 825 ipse
734 784 788 820 es,
809 770 926 810 facile
945 776 991 810 ut
1008 784 1080 824 pro
1102 769 1299 810 Eunucho
1317 771 1473 824 probes.

71 838 147 878 Cn.
186 838 302 878 Dixti
320 837 510 892 pulchre:
541 851 748 890 nunquam
768 837 851 877 vidi
869 837 1012 878 melius
1032 837 1242 878 consilium
1262 837 1359 877 dari.
1496 838 1546 879 85

70 906 173 958 Age,
191 919 327 945 eamus
342 906 447 945 intro
466 919 573 945 nunc
587 905 674 959 jam
690 919 698 944 :
720 917 818 944 orna
831 918 908 954 me,
926 904 1069 954 abduc,
1086 905 1175 954 duc,
1194 910 1390 958 quantum
1404 910 1546 959 potest.

69 972 142 1012 ΡΑ.
182 972 291 1017 Quid
322 972 434 1026 agis?
470 971 636 1025 jocabar
669 971 867 1025 equidem.
955 972 1031 1011 Cn.
1073 971 1223 1012 Garris.
1311 972 1384 1012 ΡΑ.
1427 972 1544 1022 Perii,

230 1040 327 1093 quid
346 1054 421 1093 ego
441 1040 505 1093 egi
524 1040 674 1079 miser?

68 1109 158 1153 Quo
177 1108 333 1148 trudis?
359 1107 577 1162 perculeris
590 1108 678 1161 jam
697 1112 743 1147 tu
760 1121 826 1147 me
844 1121 852 1147 :
884 1107 955 1146 tibi
976 1106 1164 1160 equidem
1184 1107 1284 1156 dico,
1306 1121 1439 1148 mane.

66 1175 143 1215 Cn.
184 1175 346 1216 Eamus.
433 1176 505 1215 ΡΑ.
546 1175 738 1228 Pergin’?
817 1175 893 1214 Cn.
935 1174 1161 1214 Certum’st.
1239 1174 1312 1215 ΡΛ.
1353 1174 1458 1214 Vide
1495 1188 1545 1215 ne

229 1243 400 1282 nimium
419 1242 594 1283 calidum
613 1243 690 1283 hoc
709 1243 760 1283 sit
778 1242 910 1283 modo.

67 1310 142 1349 Cn.
183 1309 277 1350 Non
298 1316 356 1350 est
373 1310 552 1364 profecto
569 1325 578 1350 τ
609 1311 706 1351 sine.
783 1311 857 1350 ΡΑ.
897 1310 954 1350 At
973 1310 1082 1350 enim
1101 1310 1211 1351 istaec
1231 1310 1274 1350 in
1293 1325 1359 1351 me
1379 1311 1547 1351 cudetur

229 1377 333 1416 faba.
419 1378 495 1417 Cn.
534 1378 629 1417 Ah!
1493 1381 1546 1418 90

68 1445 140 1484 ΡΛ.
184 1443 399 1498 Flagitium
418 1445 600 1485 facimus.
687 1447 762 1486 Cn.
803 1447 871 1487 An
899 1446 942 1487 id
967 1447 1227 1507 flagitium’st,
1259 1447 1292 1487 si
1317 1447 1360 1486 in
1381 1446 1547 1487 domum

229 1513 497 1553 meretriciam
1137 1508 1144 1515 ’

67 1580 265 1629 Deducar,
288 1586 328 1620 et
346 1580 424 1620 illis
444 1581 638 1630 crucibus,
661 1595 751 1635 quae
771 1595 844 1622 nos
862 1588 1118 1636 nostramque
1139 1581 1454 1622 adulescentiam

66 1648 233 1688 Habent
251 1649 509 1704 despicatam,
532 1655 572 1690 et
590 1663 680 1703 quae
699 1664 772 1690 nos
792 1664 949 1704 semper
967 1650 1152 1690 omnibus
1173 1650 1353 1690 cruciant
1370 1649 1512 1699 modis,

66 1716 186 1756 Nunc
198 1716 368 1756 referam
382 1717 552 1770 gratiam
568 1731 576 1756 z
598 1723 717 1771 atque
733 1732 799 1757 eas
813 1718 953 1758 itidem
967 1718 1116 1766 fallam,
1133 1723 1179 1757 ut
1193 1718 1242 1757 ab
1258 1717 1335 1757 illis
1347 1717 1548 1758 fallimur?

65 1783 134 1823 An
153 1783 284 1837 potius
302 1783 390 1824 haec
410 1785 514 1838 patri
529 1785 743 1839 aequum’st
762 1785 860 1835 fieri,
881 1791 927 1825 ut
945 1800 969 1826 a
986 1800 1052 1826 me
1072 1785 1235 1825 ludatur
1253 1785 1381 1825 dolis?
1491 1786 1543 1825 95

65 1851 195 1900 Quod,
218 1851 287 1905 qui
305 1852 523 1902 rescierint,
546 1853 733 1906 culpent;
764 1853 864 1893 illud
882 1853 1024 1893 merito
1039 1853 1192 1893 factum
1212 1866 1352 1893 omnes
1371 1858 1526 1907 putent.

66 1918 138 1958 ΡΑ.
161 1918 269 1964 Quid
287 1918 374 1959 istic
390 1919 405 1958 ?
424 1920 457 1959 si
469 1920 674 1960 certum'st
691 1921 834 1970 facere,
855 1921 979 1961 facias
995 1935 1004 1960 :
1027 1935 1167 1961 verum
1186 1934 1237 1960 ne
1257 1926 1349 1975 post
1363 1920 1546 1961 conferas

64 1986 234 2040 Culpam
251 1986 294 2026 in
313 2001 392 2027 me.
451 1988 526 2027 Cn.
566 1988 660 2028 Non
679 1988 838 2029 faciam.
915 1989 989 2029 ΡΑ.
1020 1989 1046 2029 J
1048 1989 1222 2029 ubesne'?
1292 1989 1368 2028 Cn.
1401 1989 1544 2037 Jubeo,

227 2067 338 2107 cogo,
360 2059 479 2108 atque
498 2055 675 2108 impero3

65 2120 284 2174 Nunquam
317 2120 522 2175 defugiam
552 2122 842 2162 auctoritatem.
934 2123 1008 2164 ΡΑ.
1049 2123 1247 2177 Sequere:
1298 2123 1354 2163 Di
1386 2127 1547 2163 vortant

224 2188 340 2228 bene.

502 2395 681 2435 ACTUS
713 2395 796 2435 111.
856 2386 1039 2437 SCENA
1069 2397 1104 2437 1.

431 2497 617 2537 Tmuso.
689 2498 885 2537 Gnarno.
958 2498 1180 2537 Parmeno.

65 2598 143 2638 Tu.
183 2598 357 2652 Magnas
376 2612 471 2638 vero
491 2612 610 2652 agere
629 2599 777 2652 gratias
797 2599 919 2639 Thais
938 2600 1070 2640 mihi?

67 2666 148 2706 Gn.
171 2665 374 2719 Ingentes.
431 2666 511 2705 Tu.
532 2666 628 2705 Ain’
648 2672 703 2715 tu,
724 2666 897 2706 laeta’st?
955 2669 1036 2707 GN.
1058 2667 1154 2707 Non
1173 2672 1256 2707 tam
1275 2667 1360 2721 ipso
1381 2667 1543 2721 quidem

67 2731 197 2781 Dono,
218 2745 339 2785 quam
358 2732 427 2771 abs
447 2737 485 2772 te
505 2732 643 2771 datum
664 2747 747 2772 esse
766 2747 774 2772 :
804 2734 847 2773 id
866 2748 959 2773 vero
979 2734 1081 2773 serio

67 2799 315 2854 Triumphat.
401 2801 474 2840 ΡΑ.
514 2801 609 2841 Huc
628 2802 798 2855 proviso,
819 2808 874 2851 ut,
897 2803 966 2842 ubi
985 2809 1144 2856 tempus
1164 2803 1249 2851 siet,

68 2866 300 2908 Deducam:
330 2868 401 2908 sed
419 2882 558 2908 eccum
577 2869 759 2908 militem.
844 2870 923 2909 ΤΗ.
963 2871 1036 2910 Est
1053 2870 1155 2909 istuc
1176 2870 1315 2908 datum
1518 2872 1542 2909 5

763 2949 788 2975 n
808 2938 834 2974 2
