1670 3080
526 147 683 179 Acrus
721 149 764 180 v.
834 149 998 183 scENA
1033 151 1144 182 vm.
1498 139 1561 187 73

107 230 176 269 ΡΑ.
201 229 343 270 Nullus
357 243 457 270 sum.
515 231 588 270 ΡΥ.
611 231 691 272 Hic
709 245 781 285 pro
799 232 868 273 illo
886 247 1051 274 munere
1071 235 1143 274 tibi
1160 234 1286 276 honos
1305 241 1364 275 est
1378 236 1558 277 habitus:

264 297 374 336 abeo.

106 361 174 401 ΡΑ.
215 362 384 415 Egomet
401 377 491 404 meo
509 364 656 405 indicio
675 364 804 413 miser,
826 365 937 418 quasi
957 379 1083 415 sorex,
1103 365 1220 406 hodie
1239 367 1350 420 perii.

514 568 690 608 ACTUS
722 567 771 607 V.
829 568 1011 607 SCENA
1040 568 1138 607 VII.

612 668 805 707 Gmmo.
863 668 1046 709 THRAso.

95 766 176 806 Gx.
198 765 304 811 Quid
322 766 458 805 nunc?
477 779 555 819 qua
573 779 653 819 spe,
670 772 740 806 aut
758 780 835 819 quo
855 767 1018 807 consilio
1036 767 1113 808 huc
1129 768 1261 810 imus?
1279 771 1374 824 quid
1389 779 1550 826 eoeptaS,

255 834 408 875 Thraso
422 833 440 873 ⁴?

93 902 170 942 Tu.
212 902 380 954 Egone?
423 906 469 940 ut
505 900 647 941 Thaidi
682 915 748 942 me
794 902 950 951 dedam,
989 909 1028 943 et
1063 904 1220 954 faciam,
1261 907 1367 959 quod
1397 907 1547 960 jubeat.

256 968 336 1007 GN.
375 967 482 1012 Quid
500 969 587 1008 est?

91 1034 168 1075 ΤΗ.
200 1035 279 1080 Qui
297 1034 440 1084 minus,
462 1048 581 1087 quam
602 1034 796 1076 Hercules
815 1037 975 1077 servivit
995 1038 1232 1093 Omphalae?
1290 1041 1370 1081 GN.
1401 1042 1548 1082 Exem-

251 1101 362 1155 plum
375 1101 521 1154 placet.

90 1169 254 1209 Utinam
273 1168 344 1209 tibi
362 1169 626 1223 commitigari
644 1170 800 1210 videam
821 1171 996 1211 sandalio
1015 1177 1145 1225 caput.

88 1237 167 1276 Sed
184 1237 285 1277 fores
297 1244 536 1292 crepuerunt
547 1238 596 1278 ab
612 1251 669 1277 ea.
727 1238 804 1277 ΤΗ.
827 1238 932 1276 Perii
948 1238 956 1276 !
979 1238 1074 1290 quid
1092 1238 1166 1278 hoc
1182 1239 1366 1279 autem'st
1376 1241 1500 1281 mali?
1517 1246 1541 1282 5

14 1298 17 1300 ’
90 1303 210 1343 Hunc
244 1317 318 1356 ego
353 1318 559 1358 nunquam
591 1304 768 1344 videram
808 1303 953 1343 etiam:
1003 1304 1193 1357 quidnam
1224 1304 1290 1346 hic
1327 1320 1543 1361 properans

247 1370 398 1423 prosilit
412 1372 427 1410 ἶ

487 1573 664 1614 ACTUS
693 1573 744 1612 V.
802 1571 983 1611 SCENA
1012 1570 1136 1611 VIII.

190 1675 386 1714 emam.
445 1673 663 1712 PARMENo.
722 1671 938 1711 pamm.
997 1671 1190 1711 GNA'rno.
1247 1671 1431 1714 THRAso.

80 1778 156 1817 Cu.
196 1777 233 1816 Ο
252 1774 471 1828 populares,
494 1773 627 1827 ecquis
645 1786 710 1812 me
728 1772 846 1811 hodie
864 1771 963 1811 vivit
979 1771 1240 1812 fortunatior?

81 1844 212 1884 Nemo
229 1841 362 1881 hercle
382 1841 587 1893 quisquam
605 1854 614 1878 t
644 1853 737 1878 nam
757 1839 798 1878 in
818 1853 883 1877 me
903 1839 1020 1890 plane
1041 1839 1095 1878 Di
1114 1845 1349 1892 potestatem
1369 1855 1481 1882 suam

78 1911 252 1951 Omnem
272 1907 474 1947 ostendere
491 1920 499 1944 :
530 1905 594 1944 cui
606 1910 687 1944 tam
707 1904 834 1943 subito
854 1909 913 1943 tot
931 1905 1169 1957 contigerint
1187 1908 1406 1947 commoda.

77 1977 148 2016 ΡΑ.
188 1974 294 2019 Quid
329 1973 394 2013 hic
430 1973 544 2012 laetus
581 1972 668 2010 est?
751 1971 825 2010 Cu.
866 1972 902 2010 O
941 1971 1136 2011 Parmeno
1172 1973 1240 2022 mi,
1282 1975 1318 2013 O
1354 1988 1532 2015 mearum

237 2041 482 2094 voluptatlun
503 2038 682 2078 omnium

76 2111 275 2158 Inventor,
295 2109 485 2161 inceptor,
506 2105 726 2160 perfector!
757 2103 854 2143 scin’
874 2118 951 2154 me,
973 2105 1015 2145 in
1036 2106 1177 2159 quibus
1197 2106 1271 2146 sim
1288 2108 1472 2160 gaudiis?
1505 2111 1528 2148 5

75 2178 170 2227 Scis,
191 2175 441 2229 Pamphilam
459 2187 591 2213 meam
609 2172 814 2211 inventam
833 2171 987 2212 civem?
1030 2173 1101 2212 ΡΑ.
1124 2174 1284 2214 Audivi.
1336 2175 1410 2214 Cn.
1433 2176 1528 2225 Scis,

232 2256 417 2297 sponsam
436 2240 564 2280 mihi?

73 2311 145 2352 ΡΑ.
182 2310 304 2357 Bene,
323 2307 379 2346 ita
397 2319 461 2346 me
482 2305 536 2345 Di
555 2309 701 2353 ament,
722 2304 885 2344 factum.
972 2305 1052 2344 GN.
1092 2306 1243 2345 Audin'
1263 2312 1317 2355 tu,
1347 2307 1412 2348 hic
1434 2308 1528 2361 quid

229 2374 312 2415 ait?
395 2373 469 2412 Cu.
508 2372 614 2411 Tum
633 2377 766 2410 autem
788 2371 994 2419 Phaedriae,

72 2444 166 2485 Meo
191 2441 314 2490 fiatri,
345 2430 499 2493 gaudeo
531 2452 614 2478 esse
643 2451 819 2477 amorem
851 2451 1013 2476 omnem
1046 2437 1088 2477 in
1120 2439 1333 2491 tranquillo
1350 2454 1359 2479 :
1398 2442 1527 2486 una'st

227 2507 380 2546 domus.

68 2575 188 2617 Thais
206 2589 247 2615 se
266 2574 369 2627 patri
387 2571 705 2613 commendavit:
735 2571 777 2610 in
796 2570 1022 2610 clientelam
1042 2576 1080 2610 et
1098 2571 1220 2611 fidem
1244 2600 1247 2602 >

67 2641 191 2682 Nobis
205 2640 313 2681 dedit
326 2654 379 2680 se·
438 2639 510 2678 ΡΑ.
533 2637 678 2677 Fratris
691 2637 812 2690 igitur
826 2637 946 2676 Thais
960 2638 1120 2678 tota’st?
1175 2639 1250 2678 Cn.
1272 2640 1439 2681 Scilicet.
1473 2645 1521 2681 10

3 2700 5 2702 ¹
48 2700 50 2702 V
69 2707 140 2749 ΡΑ.
179 2708 204 2748 J
207 2720 271 2746 am
288 2705 365 2744 hoc
385 2704 493 2743 aliud
511 2709 579 2752 est,
602 2703 708 2755 quod
725 2703 969 2755 gaudeamus
986 2718 995 2742 ε
1025 2704 1140 2744 miles
1159 2705 1327 2758 pelletur
1344 2707 1459 2748 foras.

5 2767 10 2778 ²
43 2810 46 2811 γ
70 2773 143 2813 Cu.
163 2773 236 2822 Tu,
252 2772 374 2812 frater
386 2770 534 2809 ubiubi
549 2774 618 2818 est,
636 2769 699 2809 fac
719 2783 838 2821 quam
857 2770 1030 2823 primum
1048 2770 1136 2811 haec
1153 2773 1297 2817 audiat.
1357 2774 1428 2814 ΡΑ.
1453 2776 1490 2815 V
1492 2775 1522 2814 i·

226 2851 311 2878 sam
330 2837 505 2877 domum.

784 2912 808 2938 ε
