1670 3080
139 112 159 155 1
172 107 234 155 68
749 124 976 157 HECYRA.

136 212 190 252 Et
207 212 318 261 adeo,
350 212 457 265 quod
482 212 780 262 maxumum’st,
811 212 963 253 salvom
986 217 1105 265 atque
1123 209 1314 251 validum.
1399 209 1474 252 ΡΑ.
1509 196 1604 250 Cie-

297 278 415 318 ditur.

139 346 210 386 LA.
251 346 432 386 Advenis
450 347 600 387 modo?
661 347 733 387 ΡΑ.
770 347 1015 387 Admodum.
1082 346 1156 385 LA.
1193 339 1312 394 cedog
1334 345 1432 398 quid
1447 345 1609 401 reliquit

295 411 462 464 Phania,

134 478 401 519 Consobrinus
420 481 583 520 noster?
639 481 712 520 ΡΛ.
753 481 857 521 Sane
877 482 1011 522 hercle
1030 482 1152 521 homo
1171 479 1366 532 voluptati
1386 481 1606 535 obsequens
1646 510 1657 520 .

134 545 238 596 Fuit,
278 547 374 587 dum
412 548 513 587 vixit
530 562 538 587 :
590 555 630 588 et
667 549 734 602 qui
783 549 837 589 sic
877 555 980 598 sunt,
1029 549 1138 590 haud
1184 552 1358 592 multum
1403 547 1608 590 haeredem

290 614 436 668 juvant
453 630 461 655 :
1557 617 1606 656 10

133 681 217 721 Sibi
236 695 329 721 vero
349 682 453 721 hanc
473 682 635 722 laudem
654 682 887 736 relinquunt
903 697 911 722 ε
942 683 1054 731 vixit,
1077 683 1173 723 dum
1193 685 1303 734 vixit,
1325 685 1441 724 bene.

133 748 208 788 LA.
248 749 352 788 Tum
372 755 417 788 tu
436 749 558 802 igitur
578 749 679 788 nihil
699 749 863 789 attulisti
883 749 961 789 huc
981 764 1063 789 una
1081 750 1171 803 plus
1191 751 1418 791 sententia?

130 812 206 855 ΡΑ.
226 804 229 807 ’
246 813 450 870 Quicquid
470 821 529 855 est
547 817 599 865 id,
623 816 729 870 quod
748 816 918 869 reliquit,
940 817 1099 870 profuit.
1187 817 1261 857 LA.
1303 818 1436 858 Immo
1455 815 1608 856 obfuit:

131 883 240 923 Nam
260 884 375 923 illum
395 884 532 924 vivum
554 891 593 924 et
613 885 765 924 salvom
785 885 943 924 vellem.
1038 885 1115 924 ΡΗ.
1158 885 1330 939 Impune
1350 890 1487 939 optare
1505 884 1607 925 istuc

293 949 409 990 licet:

132 1015 207 1056 Ine
227 1017 436 1057 reviviscet
449 1016 535 1070 jam
556 1030 764 1070 nunquam
781 1031 790 1066 ;
823 1021 863 1056 et
882 1022 1029 1066 tamen,
1050 1022 1186 1056 utrum
1206 1017 1334 1066 malis,
1357 1018 1450 1058 scio.
1555 1018 1606 1057 15

131 1082 207 1123 LA.
248 1083 350 1122 Heri
371 1083 651 1124 Philumenam
672 1084 723 1123 ad
743 1098 784 1123 se
806 1083 951 1123 arcessi
969 1083 1034 1122 hic
1048 1083 1167 1136 jussit
1184 1098 1193 1123 z
1223 1083 1299 1132 dic,
1315 1084 1479 1137 jussisse
1499 1089 1552 1124 te.

131 1149 209 1189 Pa.
249 1149 344 1190 Noli
362 1150 497 1190 fodere
515 1164 523 1189 :
545 1149 661 1198 jussi.
740 1150 814 1189 LA.
847 1149 925 1189 Sed
944 1163 1033 1189 eam
1047 1150 1134 1202 jam
1153 1149 1340 1189 remittet.
1417 1149 1494 1190 Pa.
1526 1149 1602 1190 Sci·

293 1215 398 1255 licet.

131 1282 205 1322 ΡΑ.
247 1283 422 1322 Omnem
442 1297 524 1322 rem
548 1283 640 1332 scio,
662 1289 707 1322 ut
726 1282 777 1322 sit
795 1288 908 1336 gesta
925 1297 934 1321 ε
966 1284 1185 1323 adveniens
1205 1283 1340 1323 audivi
1358 1283 1490 1324 modo.

131 1349 207 1389 LA.
248 1350 306 1389 At
324 1351 419 1390 istos
439 1351 595 1390 invidos
620 1350 674 1390 Di
693 1350 877 1403 perdant,
900 1350 967 1402 qui
986 1350 1075 1390 haec
1093 1350 1265 1390 libenter
1283 1350 1483 1391 nuntiant.

131 1417 205 1457 ΡΑ.
245 1417 333 1471 Ego
352 1433 417 1457 me
439 1418 519 1458 scio
539 1419 701 1466 cavisse,
724 1432 775 1457 ne
795 1417 878 1457 ulla
896 1417 1038 1456 merito
1059 1417 1300 1458 contumelia
1554 1421 1608 1458 20

131 1484 237 1524 Fieri
257 1499 281 1525 a
299 1486 410 1525 vobis
429 1491 562 1538 posset
579 1500 587 1524 ε
618 1486 737 1537 idque
758 1485 790 1524 si
810 1498 917 1524 nunc
936 1498 1158 1524 memorare
1177 1484 1242 1525 hic
1262 1485 1395 1535 velim,

131 1550 264 1594 Quam
284 1550 392 1590 fideli
412 1550 547 1590 animo
569 1556 609 1589 et
626 1550 802 1602 benigno
821 1549 863 1588 in
883 1549 994 1589 illam
1015 1554 1055 1589 et
1074 1549 1262 1590 clementi
1282 1550 1352 1600 fui,

131 1615 236 1656 Vere
256 1631 416 1670 possum
435 1633 443 1655 :
473 1617 516 1656 ni
536 1622 574 1655 te
596 1630 646 1655 ex
664 1616 750 1669 ipsa
767 1615 855 1655 haec
875 1615 1004 1668 magis
1023 1615 1142 1655 velim
1163 1616 1374 1656 resciscere
1391 1631 1401 1656 ι

133 1682 319 1736 Namque
340 1698 387 1723 eo
407 1689 524 1736 pacto
543 1697 732 1723 maxume
753 1683 857 1736 apud
879 1688 918 1721 te
937 1696 1028 1722 meo
1048 1682 1123 1722 erit
1139 1682 1302 1735 ingenio
1321 1682 1431 1732 fides,

131 1751 233 1791 Cum
253 1751 332 1800 illa,
355 1766 444 1804 quae
464 1751 505 1790 in
525 1765 590 1790 me
611 1764 719 1790 nunc
739 1750 877 1803 iniqua
897 1756 966 1799 est,
988 1764 1105 1804 aequa
1124 1751 1173 1790 de
1192 1764 1257 1790 me
1277 1751 1435 1791 dixerit.
1553 1753 1605 1795 25

131 1820 275 1872 Neque
295 1833 385 1858 mea
405 1818 522 1870 culpa
540 1817 616 1856 hoc
637 1817 846 1856 discidium
868 1817 1059 1866 evenisse,
1079 1817 1122 1856 id
1140 1822 1262 1856 testor
1282 1817 1402 1857 Deos.

133 1885 214 1925 Sed
232 1884 392 1938 quando
413 1898 495 1923 esse
515 1883 723 1936 indignam
744 1897 829 1922 sese
851 1883 1026 1936 deputat,
1047 1883 1167 1922 matri
1186 1896 1288 1923 meae

132 1955 233 1999 Quae
254 1951 457 1999 concedat,
480 1965 648 2004 quaeque
669 1950 753 2002 ejus
771 1964 902 1989 mores
922 1949 1064 1989 toleret
1083 1963 1154 1989 sua
1171 1949 1388 1998 modestia;

131 2022 275 2074 Neque
295 2019 372 2059 alio
393 2018 581 2071 componi
600 2024 716 2071 pacto
736 2018 838 2070 potis
857 2018 962 2056 inter
981 2031 1046 2056 eas
1065 2017 1268 2070 gratia’st;

133 2086 388 2141 Segreganda
408 2091 476 2124 aut
494 2090 623 2124 mater
643 2098 666 2123 a
685 2099 750 2123 me
772 2090 841 2132 est,
866 2084 1074 2136 Phidippe,
1097 2089 1166 2125 aut
1186 2083 1425 2124 Philumena
1442 2099 1450 2123 :
1554 2087 1607 2125 30

131 2156 252 2195 Nunc
271 2167 336 2193 me
356 2153 484 2206 pietas
504 2152 642 2191 matris
661 2151 792 2204 potius
812 2151 1067 2190 commodum
1088 2151 1228 2190 suadet
1247 2151 1370 2204 sequi.

131 2224 207 2263 LA.
248 2220 473 2274 Pamphile,
494 2219 603 2258 haud
622 2218 748 2258 invito
768 2218 819 2257 ad
839 2231 953 2257 aures
973 2231 1101 2257 sermo
1120 2217 1220 2256 mihi
1239 2217 1384 2257 accidit
1402 2222 1505 2267 tuus,

132 2292 234 2331 Cum
252 2305 314 2330 res
333 2294 581 2343 postputasse
602 2293 640 2326 te
662 2301 800 2326 omnes
819 2301 903 2339 prae
924 2291 1091 2339 parente
1111 2285 1305 2339 intelligo.

136 2359 288 2398 Verum
307 2357 409 2405 vide,
434 2369 482 2394 ne
503 2354 697 2407 impulsus
716 2354 776 2393 ira
794 2367 916 2406 prave
936 2353 1105 2401 insistas,
1130 2353 1351 2406 Pamphile.

134 2425 206 2464 PA.
248 2422 355 2468 Quid
376 2436 449 2474 ego
469 2422 528 2460 ira
547 2420 740 2474 impulsus
759 2433 867 2459 nunc
888 2420 929 2458 in
950 2419 1061 2458 illam
1081 2420 1239 2472 iniquos
1259 2420 1364 2462 sim?
1554 2423 1605 2462 35

132 2492 234 2535 Quae
254 2502 461 2542 nunquam
483 2487 696 2539 quicquam
717 2499 812 2538 erga
831 2499 895 2524 me
917 2486 1214 2534 commerita’st,
1235 2492 1360 2540 pater,

132 2557 251 2603 Quod
269 2555 440 2603 nollem;
473 2560 512 2593 et
531 2567 636 2606 saepe
656 2552 851 2599 meritam,
875 2552 981 2605 quod
1001 2552 1158 2601 vellem,
1180 2553 1280 2594 scio:

133 2626 320 2676 Amoque
342 2627 381 2661 et
394 2621 513 2660 laudo
534 2626 573 2659 et
591 2619 850 2659 vehementer
870 2619 1050 2658 desidero
1068 2633 1076 2660 ε

133 2692 242 2731 Nam
261 2689 380 2728 fuisse
402 2701 497 2740 erga
516 2701 580 2726 me
599 2686 701 2725 miro
720 2685 883 2738 ingenio
903 2692 1090 2738 expertus
1110 2700 1222 2729 sum:
1651 2727 1670 2745 ,Ἰ

136 2758 281 2811 Illique
302 2760 459 2808 exopto,
480 2760 525 2793 ut
542 2753 737 2806 reliquam
757 2753 881 2791 vitam
903 2753 1037 2806 exigat
1554 2756 1611 2795 40
1665 2789 1670 2804 ,

136 2826 238 2866 Cum
258 2837 305 2863 eo
323 2822 422 2871 viro‚·
441 2835 506 2861 me
527 2820 596 2875 qui
615 2820 665 2860 sit
683 2819 943 2860 fortunatior:
