1670 3080
151 151 249 200 126
774 173 1016 204 ADELPHI.

150 255 186 294 O
206 255 263 294 mi
281 268 471 308 germane
489 268 498 294 :
528 255 580 295 ah
593 286 602 295 .
633 267 783 305 vereor,
805 271 938 296 coram
958 257 1000 296 in
1020 271 1063 296 os
1082 262 1120 295 te
1139 256 1302 297 laudare
1319 257 1501 312 amplius,
1585 261 1611 299 5

149 319 213 359 Ne
250 321 292 360 id
333 321 560 360 assentandi
601 322 740 375 magis,
781 336 902 375 quam
941 336 1019 375 quo
1060 322 1231 362 habeam
1272 330 1443 376 gratum,
1481 325 1612 365 facere
1648 351 1664 375 .

313 388 538 427 existumes.

146 452 232 493 AEs.
256 453 356 505 Age,
378 453 524 506 inepte,
542 454 654 506 quasi
672 467 780 494 nunc
799 468 880 493 non
900 454 1078 494 norimus
1096 468 1169 494 nos
1187 455 1292 495 inter
1309 459 1394 504 nos,
1411 456 1608 511 Ctesipho.

146 518 238 559 Hoc
258 519 359 558 mihi
378 519 495 567 dolet,
516 534 588 560 nos
606 534 723 573 paene
744 534 831 560 sero
851 521 982 570 scisse,
1004 527 1044 560 et
1062 521 1104 560 in
1124 535 1216 561 eum
1234 535 1320 562 rem
1337 522 1472 563 locum

145 585 321 634 Redisse,
342 592 398 634 ut,
419 586 453 626 si
471 601 609 626 omnes
629 593 829 640 cuperent,
850 587 922 625 tibi
940 587 998 626 nil
1016 593 1179 640 possent
1196 589 1436 629 auxilia-ier.

145 652 214 691 C'r.
254 652 446 692 Pudebat.
531 653 617 692 AEs.
658 653 725 691 Ah
742 653 751 691 !
792 652 1007 692 stultitia’st
1024 653 1146 701 istaec,
1169 667 1252 693 non
1271 654 1425 707 pudor:
1455 661 1539 695 tam
1558 656 1609 696 ob

305 717 508 770 parvolam
1556 724 1608 761 10

143 782 248 823 Rem
279 798 395 837 paene
429 798 450 823 e
481 784 638 838 patria?
675 789 789 837 turpe
823 784 958 824 dictu:
994 785 1102 825 Deos
1131 798 1279 838 quaeso,
1308 791 1355 826 ut
1381 786 1492 828 istaec
1516 801 1608 842 pro-

304 850 479 889 hibeant.

142 917 212 957 cr.
252 916 433 957 Peccavi.
517 918 604 957 AEs.
644 917 751 961 Quid
770 919 825 957 a'l't
843 917 1006 957 tandem
1024 917 1138 958 nobis
1158 918 1334 958 Sannio?
1405 919 1473 960 Sr.
1512 920 1607 960 Jam

302 984 409 1022 mitis
454 989 500 1023 st.

138 1048 227 1090 AEs.
266 1050 353 1103 Ego
381 997 451 1090 ad.e
459 1050 591 1089 forum
619 1050 696 1098 ibo,
723 1054 769 1089 ut
796 1049 905 1089 hunc
928 1049 1158 1090 absolvam:
1187 1055 1232 1090 tu
1260 1051 1365 1091 intro
1397 1051 1450 1091 ad
1481 1051 1604 1101 illam,

302 1116 501 1170 Ctesipho.

139 1185 206 1224 SA.
247 1185 355 1238 Syre,
376 1185 491 1223 insta.
551 1184 618 1223 SY.
659 1184 808 1222 Eamus
826 1197 834 1222 :
865 1196 1039 1237 namque
1058 1182 1125 1223 hic
1144 1189 1332 1237 properat
1348 1184 1391 1223 in
1413 1184 1602 1238 Cyprum.

301 1253 367 1291 SA.
408 1252 472 1291 Ne
492 1256 575 1290 tam
595 1251 756 1304 quidem
773 1265 781 1289 :

136 1319 329 1364 Quamvis
349 1318 469 1358 etiam
487 1332 631 1358 maneo
651 1318 797 1357 otiosus
815 1317 892 1356 hic.
969 1318 1036 1356 SY.
1075 1317 1291 1367 Reddetur,
1312 1331 1364 1357 ne
1384 1318 1493 1358 time.
1553 1321 1602 1360 15

136 1385 202 1424 SA.
242 1386 300 1424 At
331 1391 376 1424 ut
408 1399 527 1424 omne
556 1385 707 1424 reddat.
793 1385 860 1423 Sr.
900 1385 1032 1422 Omne
1062 1382 1227 1422 reddet:
1268 1389 1356 1424 tace
1385 1384 1519 1434 modo,
1554 1398 1602 1426 ac

296 1466 459 1505 sequere
478 1451 565 1492 hac.
652 1452 718 1491 SA.
761 1452 922 1504 Sequor.

133 1518 203 1558 CT.
244 1518 370 1567 Heus,
394 1518 506 1567 heus,
529 1519 638 1570 Syre.
725 1517 792 1556 SY.
833 1516 987 1556 Ehem!
1019 1515 1116 1568 quid
1143 1516 1232 1556 est?
1315 1517 1385 1556 Cr.
1426 1517 1602 1564 Obsecro

293 1585 426 1625 hercle
446 1591 496 1633 te,
517 1584 724 1624 hominem
742 1584 863 1623 istum
882 1582 1195 1636 impurissimum

131 1652 263 1696 Quam
280 1651 457 1705 primum
476 1651 707 1690 absolvitote
723 1665 733 1699 3
764 1664 828 1698 ne,
850 1650 882 1688 si
902 1649 1031 1701 magis
1049 1648 1223 1688 irritatus
1242 1648 1328 1697 siet,

129 1717 280 1772 Aliqua
294 1718 347 1758 ad
360 1724 515 1771 patrem
529 1717 605 1758 hoc
620 1723 831 1771 permanet
843 1732 852 1767 ;
875 1723 993 1770 atque
1004 1729 1078 1769 ego
1093 1722 1179 1755 tum
1193 1722 1386 1769 perpetuo
1399 1716 1599 1770 perierim.
1659 1724 1670 1772 ξ

130 1785 197 1824 SY.
237 1784 332 1823 Non
370 1785 449 1833 fiet,
488 1786 594 1824 bono
632 1785 768 1824 animo
805 1798 847 1823 es
864 1798 873 1823 :
913 1789 958 1823 tu
990 1797 1082 1823 cum
1115 1783 1184 1823 illa
1220 1789 1260 1823 te
1297 1783 1405 1823 intus
1443 1783 1599 1823 oblecta

290 1852 450 1890 interim
468 1866 476 1890 :
1542 1852 1597 1889 20

127 1917 179 1956 Et
197 1917 361 1957 lectulos
374 1917 472 1970 jube
493 1918 615 1957 sterni
634 1917 759 1965 nobis,
782 1923 822 1956 et
840 1916 972 1970 parari
991 1922 1134 1956 cetera.

127 1984 215 2038 Ego
229 1985 316 2038 jam
335 1990 534 2024 transacta
552 1998 594 2023 re
615 1991 846 2023 convortam
865 1997 930 2022 me
950 1983 1114 2022 domum
1135 1996 1227 2022 cum
1246 1982 1424 2036 opsonio.

127 2053 196 2092 cr.
233 2053 297 2091 Ita
316 2065 450 2105 quaeso
467 2066 476 2091 :
507 2052 666 2104 quando
685 2051 762 2090 hoe
782 2051 884 2090 bene
904 2049 1102 2096 successit,
1122 2049 1247 2088 hilare
1266 2048 1374 2089 hunc
1393 2062 1596 2090 sumamus

287 2119 406 2158 diem.

530 2317 708 2357 ACTUS
757 2316 840 2355 ΙΙΙ.
917 2315 1100 2354 SCENA
1148 2315 1182 2354 1.

593 2416 819 2455 SosTRATA.
870 2414 1117 2454 CANTHARA.

121 2523 186 2561 So.
241 2521 428 2568 Obsecro,
466 2533 559 2559 mea
594 2517 742 2567 nutriit,
791 2517 888 2569 quid
925 2531 1033 2557 nunc
1072 2517 1171 2557 fiet?
1255 2519 1328 2559 CA.
1375 2519 1484 2565 Quid
1519 2520 1590 2560 fiat

281 2587 426 2640 rogas?

1657 2260 1670 2271 ,Α
1656 2200 1670 2231 m·
1650 2129 1670 2183 ›⁴³⁴-
1652 1834 1670 2121 mhmfflffQn-m„
1656 1774 1670 1822 ’.μ’

117 2654 242 2694 Recte
279 2652 420 2705 edepol
457 2665 584 2705 spero.
678 2651 742 2690 So.
792 2649 917 2689 Modo
956 2649 1122 2700 dolores,
1160 2664 1253 2690 mea
1289 2656 1345 2700 tu,
1383 2651 1588 2707 occipiunt
1644 2649 1665 2710 ’ζ’

276 2718 507 2772 primulum.

116 2788 188 2828 CA.
237 2787 262 2827 J
265 2800 331 2826 am
361 2799 468 2825 nunc
502 2786 630 2834 times,
665 2784 777 2839 quasi
809 2797 1007 2836 nusquam
1041 2784 1226 2834 adfueris,
1259 2797 1466 2840 nunquam
1498 2792 1584 2841 tm
1638 2770 1655 2837 αἶ

276 2852 489 2907 pepereris·
