1670 3080
202 85 306 135 196*
821 103 1066 137 ΡΗοΗΜΙο.

201 190 332 229 Hanc·
342 188 543 243 Demipho
563 196 685 242 negat
703 204 787 230 esse
806 193 1047 243 cognatam?
1132 193 1210 231 Gn.
1250 191 1396 244 Negat.

201 256 280 295 DE.
322 257 462 309 Ipsum
482 270 566 295 esse
586 257 736 309 opinor,
758 257 807 296 de
829 271 906 309 quo
925 259 1117 310 agebam:
1148 256 1373 310 sequimini.

201 323 278 362 ΡΗ.
318 323 460 376 Neque
481 323 565 375 ejus
583 329 738 376 patrem
758 337 799 362 se
820 323 930 372 scire,
953 325 1020 376 qui
1038 324 1184 363 fuerit?
1268 323 1346 363 Gn.
1385 323 1532 376 Negat.

202 389 279 428 ΡΗ.
319 388 407 427 Nec
429 388 677 441 Stilphonem
696 388 827 440 ipsum
847 389 957 438 scire,
980 389 1048 442 qui
1066 389 1212 428 fuerit?
1295 388 1373 428 Gn.
1412 388 1558 441 Negat.

202 455 279 493 ΡΗ.
320 454 426 498 Quia
444 467 566 506 egens
584 453 722 492 relicta
741 460 800 492 est
818 454 973 502 misera,
994 455 1203 507 ignoratur
1221 467 1365 508 parens
1381 468 1390 493 :
1616 454 1669 493 10

203 520 431 573 Negligitur
449 520 535 573 ipsa
550 535 559 569 ;
591 520 692 568 vide,
716 521 880 560 avaritia
900 521 996 573 quid
1014 522 1120 560 facit.

205 586 283 625 Ga.
322 586 365 626 Si
383 585 525 625 herum
544 585 791 625 insimulabis
810 587 984 636 malitiae,
1007 587 1111 626 male
1131 587 1280 627 audies.

204 652 283 691 De.
325 652 360 691 Ο
381 652 601 700 audaciam,
624 651 797 691 etiamne
816 652 919 692 ultro
939 659 1169 693 accusatum
1190 653 1382 693 advenit?

206 719 282 758 ΡΗ.
322 719 430 758 Nam
444 719 531 771 jam
551 718 797 758 adulescenti
816 720 914 759 nihil
934 727 993 759 est
1012 721 1118 773 quod
1137 734 1400 771 suscenseam,
1472 749 1476 754 ·

207 786 248 824 Si
267 785 381 824 illum
399 786 532 824 minus
552 791 689 825 norat:
721 786 866 840 quippe
885 787 1005 826 homo
1020 788 1106 840 jam
1125 788 1326 842 grandior,
1622 789 1669 828 15

207 845 374 902 Pauper,
397 849 460 888 cui
481 863 602 901 opera
620 849 703 888 vita
723 855 818 897 erat,
841 850 922 888 ruri
941 851 1022 890 fere

207 915 257 953 Se
278 914 531 953 continebat:
562 915 616 953 ibi
636 928 778 967 agrum
798 915 847 954 de
867 922 1001 955 nostro
1021 922 1133 969 patre

207 979 430 1019 Colendum
448 979 621 1018 habebat
637 994 645 1018 :
677 993 783 1032 saepe
802 980 954 1019 interea
973 981 1072 1020 mihi
1092 995 1215 1021 senex

207 1045 416 1094 Narrabat,
438 1059 478 1084 se
498 1044 604 1084 hunc
624 1045 826 1098 negligere
846 1052 1060 1097 cognatum
1081 1061 1196 1087 suum
1214 1061 1222 1086 :

208 1114 266 1152 At
284 1126 403 1165 quem
422 1113 584 1152 virum?
611 1126 730 1166 quem
751 1127 826 1165 ego
846 1113 1012 1152 viderim
1032 1114 1073 1152 in
1094 1114 1176 1153 vita
1195 1120 1417 1167 optumum.
1622 1117 1670 1154 20

209 1181 287 1219 GE.
328 1180 476 1219 Videas
496 1186 534 1219 te
554 1185 673 1232 atque
692 1180 817 1229 illum,
840 1186 885 1219 ut
903 1194 1052 1220 narras.
1112 1181 1188 1221 ΡΗ.
1229 1182 1248 1221 Ι
1270 1182 1311 1221 in
1332 1181 1481 1222 malam
1501 1194 1670 1222 crucem.

210 1247 317 1286 Nam
337 1247 380 1286 ni
398 1247 454 1286 ita
473 1260 565 1286 eum
585 1246 885 1296 existimassem,
907 1260 1115 1301 nunquam
1135 1254 1218 1287 tam
1236 1262 1378 1301 graves

210 1315 274 1354 Ob
292 1314 396 1353 hanc
415 1314 643 1354 inimicitias
663 1327 847 1368 caperem
866 1314 907 1353 in
928 1321 1103 1354 vostram
1120 1315 1326 1365 familiam,

211 1381 345 1425 Quam
364 1380 397 1419 is
419 1386 652 1434 aspernatur
671 1394 779 1420 nunc
800 1386 882 1419 tam
903 1380 1160 1421 illiberaliter.

214 1448 291 1486 Gn.
332 1446 492 1499 Pergin’
512 1446 610 1485 hero
630 1447 784 1486 absenti
803 1446 908 1485 male
927 1446 1048 1499 loqui,
1070 1447 1367 1500 impurissime?
1628 1449 1670 1487 25

212 1515 289 1555 ΡΗ.
329 1514 511 1567 Dignum
544 1520 677 1553 autem
709 1513 786 1554 hoc
817 1513 885 1553 illo
916 1519 987 1553 est.
1074 1514 1151 1554 Gn.
1191 1514 1287 1554 Ain’
1317 1513 1490 1563 tandem,
1520 1517 1670 1554 career&

377 1581 456 1620 DE.
498 1581 614 1621 Geta.

217 1649 294 1689 Gn.
334 1649 537 1689 Bonorum
558 1654 745 1697 extortor,
765 1647 902 1700 legum
923 1652 1134 1687 contortor.
1170 1668 1185 1683 ο
1219 1647 1299 1686 ΒΕ.
1341 1647 1457 1686 Geta.

217 1716 294 1755 ΡΗ.
334 1716 558 1769 Responde.
664 1716 742 1754 Gn.
793 1714 892 1758 Quis
923 1714 1045 1753 homo
1079 1713 1167 1754 est?
1209 1712 1350 1754 ehem!
1437 1713 1517 1754 Dr..
1564 1712 1670 1754 Tace

381 1783 459 1821 Gn.
495 1781 665 1821 Absenti
685 1781 757 1820 tibi
1562 1779 1568 1784 ’

217 1848 274 1888 Te
294 1847 477 1900 indignas
497 1861 616 1900 seque
638 1847 779 1899 dignas
799 1846 1060 1886 contumelias

218 1915 438 1968 Nunquam
458 1914 625 1953 cessavit
644 1913 785 1953 dicere.
873 1913 951 1952 DE.
993 1912 1105 1952 Ohe!
1137 1912 1284 1952 desine.
1435 1939 1439 1942 ,
1633 1914 1670 1952 3(

220 1982 479 2030 Adulescens,
499 1981 675 2034 primum
695 1981 764 2019 abs
784 1986 821 2019 te
841 1980 917 2019 hoc
936 1980 1043 2019 bona
1064 1980 1181 2019 venia
1199 1985 1355 2033 expeto,

219 2050 263 2089 Si
282 2049 352 2089 tibi
369 2048 525 2103 placere
545 2048 647 2101 potis
667 2053 737 2096 est,
759 2047 815 2086 mi
834 2053 879 2086 ut
897 2046 1136 2099 respondeas
1153 2061 1162 2086 :

221 2119 352 2162 Quem
372 2116 544 2156 amicum
563 2121 676 2154 tuum
697 2114 753 2153 ais
773 2114 892 2153 fuisse
912 2114 1045 2163 istum,
1068 2114 1239 2167 explana
1257 2113 1357 2154 mihi
1373 2129 1382 2153 x

222 2184 276 2223 Et
291 2184 358 2237 qui
377 2188 592 2235 cognatum
611 2195 676 2220 me
697 2181 770 2221 sibi
791 2194 878 2219 esse·
895 2180 1053 2220 diceret.

222 2252 298 2292 ΡΗ.
348 2249 519 2290 Proinde
567 2249 780 2301 expiscare,
813 2247 924 2300 quasi
970 2259 1052 2286 non
1099 2259 1245 2286 nosses.
1358 2245 1438 2285 Da.
1487 2245 1658 2285 Nossem

385 2314 462 2352 ΡΗ.
503 2312 578 2351 Ita.
1633 2310 1670 2347 34

224 2381 303 2420 DE.
343 2380 430 2432 Ego
449 2393 514 2418 me
533 2391 635 2430 nego
652 2391 661 2415 z
692 2382 744 2425 tu,
767 2376 835 2429 qui
855 2375 923 2425 ais,
945 2375 1079 2428 redige
1097 2374 1139 2414 in
1159 2373 1405 2414 memoriam.

226 2449 302 2487 ΡΗ.
343 2446 442 2494 Eho,
465 2451 509 2484 tu
528 2444 731 2484 sobrinum
749 2449 862 2481 tuum
882 2455 963 2481 non
983 2441 1130 2480 noras?
1213 2439 1293 2479 Dr:-
1333 2438 1503 2478 Enicas:

227 2513 303 2552 Dic
323 2524 483 2551 nomen.
561 2510 636 2548 ΡΗ.
677 2508 865 2547 Nomen?
947 2506 1026 2546 DE.
1067 2505 1287 2545 Maxume:
1318 2503 1413 2557 quid
1430 2515 1536 2543 nunc
1556 2507 1662 2543 taces

230 2580 304 2619 ΡΗ.
347 2578 452 2617 Perii
496 2575 642 2624 hercle,
691 2587 837 2614 nomen
882 2574 1049 2627 perdidi.
1152 2573 1232 2612 Dr..
1281 2569 1418 2611 Hem!
1476 2566 1573 2624 quid
1617 2569 1670 2609 ais

391 2644 467 2682 ΡΗ.
510 2643 626 2690 Geta,

232 2711 273 2751 Si
291 2708 507 2750 meministi
525 2708 567 2748 id
586 2706 692 2761 quod
710 2705 805 2745 olim
825 2705 1035 2754 dietum’st,
1059 2703 1205 2758 subjice
1222 2717 1231 2743 :
1259 2702 1377 2743 hem!
1635 2704 1670 2742 4<

233 2779 326 2818 Non
345 2777 456 2816 dico:
487 2775 599 2828 quasi
616 2787 698 2814 non
716 2772 832 2821 noris,
855 2778 1050 2812 tentatum
1070 2770 1244 2811 advenis.
