<?xml version="1.0" encoding="UTF-8"?>
<!DOCTYPE html PUBLIC "-//W3C//DTD XHTML 1.0 Transitional//EN"
    "http://www.w3.org/TR/xhtml1/DTD/xhtml1-transitional.dtd">
<html xmlns="http://www.w3.org/1999/xhtml" xml:lang="en" lang="en">
 <head>
  <title>
</title>
<meta http-equiv="Content-Type" content="text/html;charset=utf-8" />
  <meta name='ocr-system' content='tesseract 3.04.00' />
  <meta name='ocr-capabilities' content='ocr_page ocr_carea ocr_par ocr_line ocrx_word'/>
</head>
<body>
  <div class='ocr_page' id='page_1' title='image "./comoediaesext00tereuoft_0118.png"; bbox 0 0 1670 3080; ppageno 0'>
   <div class='ocr_carea' id='block_1_1' title="bbox 100 145 965 196">
    <p class='ocr_par' dir='ltr' id='par_1_1' title="bbox 100 145 965 196">
     <span class='ocr_line' id='line_1_1' title="bbox 100 145 965 196; baseline 0.001 -6"><span class='ocrx_word' id='word_1_1' title='bbox 100 145 164 190; x_wconf 86' lang='lat'><strong>80</strong></span> <span class='ocrx_word' id='word_1_2' title='bbox 432 168 434 170; x_wconf 29' lang='lat' dir='ltr'>v</span> <span class='ocrx_word' id='word_1_3' title='bbox 698 160 948 196; x_wconf 75' lang='lat' dir='ltr'>PROLOGUS</span> <span class='ocrx_word' id='word_1_4' title='bbox 962 187 965 191; x_wconf 20' lang='grc' dir='ltr'><strong>Δ</strong></span> 
     </span>
    </p>
   </div>
   <div class='ocr_carea' id='block_1_2' title="bbox 74 244 1313 1502">
    <p class='ocr_par' dir='ltr' id='par_1_2' title="bbox 95 244 987 295">
     <span class='ocr_line' id='line_1_2' title="bbox 95 244 987 295; baseline 0.004 -11"><span class='ocrx_word' id='word_1_5' title='bbox 95 244 208 285; x_wconf 88' lang='lat' dir='ltr'><strong>Alias</strong></span> <span class='ocrx_word' id='word_1_6' title='bbox 227 258 373 295; x_wconf 83' lang='lat' dir='ltr'><strong>novas;</strong></span> <span class='ocrx_word' id='word_1_7' title='bbox 404 245 480 285; x_wconf 87' lang='lat' dir='ltr'><strong>nisi</strong></span> <span class='ocrx_word' id='word_1_8' title='bbox 500 245 622 286; x_wconf 90' lang='lat' dir='ltr'><strong>finem</strong></span> <span class='ocrx_word' id='word_1_9' title='bbox 642 247 862 287; x_wconf 88' lang='lat' dir='ltr'><strong>maledictis</strong></span> <span class='ocrx_word' id='word_1_10' title='bbox 880 248 987 288; x_wconf 86' lang='lat' dir='ltr'><strong>facit.</strong></span> 
     </span>
    </p>

    <p class='ocr_par' dir='ltr' id='par_1_3' title="bbox 95 311 1056 432">
     <span class='ocr_line' id='line_1_3' title="bbox 95 311 1056 367; baseline 0.004 -17"><span class='ocrx_word' id='word_1_11' title='bbox 95 311 245 351; x_wconf 86' lang='lat' dir='ltr'><strong>Adeste</strong></span> <span class='ocrx_word' id='word_1_12' title='bbox 265 326 381 365; x_wconf 88' lang='lat' dir='ltr'><strong>aequo</strong></span> <span class='ocrx_word' id='word_1_13' title='bbox 400 313 534 352; x_wconf 88' lang='lat' dir='ltr'><strong>animo</strong></span> <span class='ocrx_word' id='word_1_14' title='bbox 552 328 560 352; x_wconf 92' lang='lat'>:</span> <span class='ocrx_word' id='word_1_15' title='bbox 591 313 682 353; x_wconf 89' lang='lat' dir='ltr'><strong>date</strong></span> <span class='ocrx_word' id='word_1_16' title='bbox 701 320 937 367; x_wconf 88' lang='lat' dir='ltr'><strong>potestatem</strong></span> <span class='ocrx_word' id='word_1_17' title='bbox 957 314 1056 354; x_wconf 90' lang='lat' dir='ltr'><strong>mihi</strong></span> 
     </span>
     <span class='ocr_line' id='line_1_4' title="bbox 96 377 982 432; baseline 0.003 -16"><span class='ocrx_word' id='word_1_18' title='bbox 96 377 309 417; x_wconf 80' lang='lat' dir='ltr'><strong>Statariam</strong></span> <span class='ocrx_word' id='word_1_19' title='bbox 328 392 446 431; x_wconf 87' lang='lat' dir='ltr'><strong>agere</strong></span> <span class='ocrx_word' id='word_1_20' title='bbox 467 383 510 418; x_wconf 91' lang='lat' dir='ltr'><strong>ut</strong></span> <span class='ocrx_word' id='word_1_21' title='bbox 528 378 646 418; x_wconf 87' lang='lat' dir='ltr'><strong>liceat</strong></span> <span class='ocrx_word' id='word_1_22' title='bbox 664 393 736 432; x_wconf 90' lang='lat' dir='ltr'><strong>per</strong></span> <span class='ocrx_word' id='word_1_23' title='bbox 755 379 957 419; x_wconf 88' lang='lat' dir='ltr'><strong>silentium</strong></span> <span class='ocrx_word' id='word_1_24' title='bbox 972 395 982 429; x_wconf 92' lang='lat'>;</span> 
     </span>
    </p>

    <p class='ocr_par' dir='ltr' id='par_1_4' title="bbox 74 445 1098 632">
     <span class='ocr_line' id='line_1_5' title="bbox 95 445 977 498; baseline 0.002 -15"><span class='ocrx_word' id='word_1_25' title='bbox 95 445 158 483; x_wconf 92' lang='lat' dir='ltr'><strong>Ne</strong></span> <span class='ocrx_word' id='word_1_26' title='bbox 179 458 335 498; x_wconf 87' lang='lat' dir='ltr'><strong>semper</strong></span> <span class='ocrx_word' id='word_1_27' title='bbox 354 459 489 485; x_wconf 89' lang='lat' dir='ltr'><strong>servus</strong></span> <span class='ocrx_word' id='word_1_28' title='bbox 509 459 681 496; x_wconf 87' lang='lat' dir='ltr'><strong>currens,</strong></span> <span class='ocrx_word' id='word_1_29' title='bbox 701 446 824 486; x_wconf 86' lang='lat' dir='ltr'><strong>iratus</strong></span> <span class='ocrx_word' id='word_1_30' title='bbox 843 460 977 495; x_wconf 85' lang='lat' dir='ltr'><strong>senex,</strong></span> 
     </span>
     <span class='ocr_line' id='line_1_6' title="bbox 74 509 1098 566; baseline 0.002 -16"><span class='ocrx_word' id='word_1_31' title='bbox 74 530 85 538; x_wconf 81' lang='lat'><strong>··</strong></span> <span class='ocrx_word' id='word_1_32' title='bbox 95 511 210 551; x_wconf 87' lang='lat' dir='ltr'><strong>Edax</strong></span> <span class='ocrx_word' id='word_1_33' title='bbox 228 513 433 565; x_wconf 85' lang='lat' dir='ltr'>parasitus,</span> <span class='ocrx_word' id='word_1_34' title='bbox 455 513 700 566; x_wconf 82' lang='lat' dir='ltr'><strong>sycophanta</strong></span> <span class='ocrx_word' id='word_1_35' title='bbox 719 518 853 553; x_wconf 86' lang='lat' dir='ltr'><strong>autem</strong></span> <span class='ocrx_word' id='word_1_36' title='bbox 872 509 1098 566; x_wconf 83' lang='lat' dir='ltr'><strong>impudens,</strong></span> 
     </span>
     <span class='ocr_line' id='line_1_7' title="bbox 94 578 933 632; baseline 0.001 -16"><span class='ocrx_word' id='word_1_37' title='bbox 94 579 252 617; x_wconf 83' lang='lat' dir='ltr'>Avarus</span> <span class='ocrx_word' id='word_1_38' title='bbox 271 578 374 627; x_wconf 92' lang='lat' dir='ltr'><strong>leno,</strong></span> <span class='ocrx_word' id='word_1_39' title='bbox 397 579 551 619; x_wconf 86' lang='lat' dir='ltr'><strong>assidue</strong></span> <span class='ocrx_word' id='word_1_40' title='bbox 571 579 716 632; x_wconf 88' lang='lat' dir='ltr'><strong>agendi</strong></span> <span class='ocrx_word' id='word_1_41' title='bbox 737 579 816 618; x_wconf 89' lang='lat' dir='ltr'><strong>sint</strong></span> <span class='ocrx_word' id='word_1_42' title='bbox 834 578 933 617; x_wconf 86' lang='lat' dir='ltr'><strong>mihi</strong></span> 
     </span>
    </p>

    <p class='ocr_par' dir='ltr' id='par_1_5' title="bbox 94 645 956 695">
     <span class='ocr_line' id='line_1_8' title="bbox 94 645 956 695; baseline 0.001 -11"><span class='ocrx_word' id='word_1_43' title='bbox 94 645 276 685; x_wconf 87' lang='lat' dir='ltr'><strong>Clamore</strong></span> <span class='ocrx_word' id='word_1_44' title='bbox 297 660 464 695; x_wconf 88' lang='lat' dir='ltr'><strong>summo,</strong></span> <span class='ocrx_word' id='word_1_45' title='bbox 487 661 579 686; x_wconf 90' lang='lat' dir='ltr'><strong>cum</strong></span> <span class='ocrx_word' id='word_1_46' title='bbox 599 646 732 685; x_wconf 88' lang='lat' dir='ltr'><strong>labore</strong></span> <span class='ocrx_word' id='word_1_47' title='bbox 753 660 956 685; x_wconf 88' lang='lat' dir='ltr'><strong>maxumo.</strong></span> 
     </span>
    </p>

    <p class='ocr_par' dir='ltr' id='par_1_6' title="bbox 92 712 1313 834">
     <span class='ocr_line' id='line_1_9' title="bbox 94 712 1313 767; baseline 0 -15"><span class='ocrx_word' id='word_1_48' title='bbox 94 712 191 752; x_wconf 89' lang='lat' dir='ltr'><strong>Mea</strong></span> <span class='ocrx_word' id='word_1_49' title='bbox 210 727 328 753; x_wconf 89' lang='lat' dir='ltr'><strong>causa</strong></span> <span class='ocrx_word' id='word_1_50' title='bbox 347 727 507 753; x_wconf 86' lang='lat' dir='ltr'><strong>causam</strong></span> <span class='ocrx_word' id='word_1_51' title='bbox 526 714 631 753; x_wconf 87' lang='lat' dir='ltr'><strong>hanc</strong></span> <span class='ocrx_word' id='word_1_52' title='bbox 646 714 797 767; x_wconf 88' lang='lat' dir='ltr'><strong>justam</strong></span> <span class='ocrx_word' id='word_1_53' title='bbox 818 726 901 752; x_wconf 90' lang='lat' dir='ltr'><strong>esse</strong></span> <span class='ocrx_word' id='word_1_54' title='bbox 922 713 1103 753; x_wconf 87' lang='lat' dir='ltr'><strong>animum</strong></span> <span class='ocrx_word' id='word_1_55' title='bbox 1123 712 1313 762; x_wconf 83' lang='lat' dir='ltr'><strong>inducite,</strong></span> 
     </span>
     <span class='ocr_line' id='line_1_10' title="bbox 92 779 923 834; baseline 0.002 -16"><span class='ocrx_word' id='word_1_56' title='bbox 92 779 149 818; x_wconf 90' lang='lat' dir='ltr'><strong>Ut</strong></span> <span class='ocrx_word' id='word_1_57' title='bbox 167 779 300 833; x_wconf 87' lang='lat' dir='ltr'><strong>aliqua</strong></span> <span class='ocrx_word' id='word_1_58' title='bbox 318 794 410 834; x_wconf 86' lang='lat' dir='ltr'><strong>pars</strong></span> <span class='ocrx_word' id='word_1_59' title='bbox 427 781 572 820; x_wconf 88' lang='lat' dir='ltr'><strong>laboris</strong></span> <span class='ocrx_word' id='word_1_60' title='bbox 591 781 795 820; x_wconf 85' lang='lat' dir='ltr'><strong>minuatur</strong></span> <span class='ocrx_word' id='word_1_61' title='bbox 812 780 923 820; x_wconf 90' lang='lat' dir='ltr'><strong>mihi.</strong></span> 
     </span>
    </p>

    <p class='ocr_par' dir='ltr' id='par_1_7' title="bbox 94 846 1167 900">
     <span class='ocr_line' id='line_1_11' title="bbox 94 846 1167 900; baseline 0.001 -15"><span class='ocrx_word' id='word_1_62' title='bbox 94 846 200 885; x_wconf 91' lang='lat' dir='ltr'><strong>Nam</strong></span> <span class='ocrx_word' id='word_1_63' title='bbox 220 860 327 886; x_wconf 85' lang='lat' dir='ltr'><strong>nune</strong></span> <span class='ocrx_word' id='word_1_64' title='bbox 347 861 472 886; x_wconf 88' lang='lat' dir='ltr'><strong>novas</strong></span> <span class='ocrx_word' id='word_1_65' title='bbox 493 847 562 899; x_wconf 91' lang='lat' dir='ltr'><strong>qui</strong></span> <span class='ocrx_word' id='word_1_66' title='bbox 581 847 769 896; x_wconf 86' lang='lat' dir='ltr'><strong>scribunt,</strong></span> <span class='ocrx_word' id='word_1_67' title='bbox 791 847 848 886; x_wconf 91' lang='lat' dir='ltr'><strong>nil</strong></span> <span class='ocrx_word' id='word_1_68' title='bbox 867 852 1038 900; x_wconf 86' lang='lat' dir='ltr'><strong>parcunt</strong></span> <span class='ocrx_word' id='word_1_69' title='bbox 1056 847 1142 887; x_wconf 90' lang='lat' dir='ltr'><strong>seni</strong></span> <span class='ocrx_word' id='word_1_70' title='bbox 1159 861 1167 886; x_wconf 74' lang='grc' dir='ltr'>ε</span> 
     </span>
    </p>

    <p class='ocr_par' dir='ltr' id='par_1_8' title="bbox 93 913 918 966">
     <span class='ocr_line' id='line_1_12' title="bbox 93 913 918 966; baseline 0.001 -14"><span class='ocrx_word' id='word_1_71' title='bbox 93 913 132 952; x_wconf 87' lang='lat' dir='ltr'><strong>Si</strong></span> <span class='ocrx_word' id='word_1_72' title='bbox 153 927 243 966; x_wconf 87' lang='lat' dir='ltr'><strong>quae</strong></span> <span class='ocrx_word' id='word_1_73' title='bbox 262 913 455 952; x_wconf 84' lang='lat' dir='ltr'><strong>laboriosa</strong></span> <span class='ocrx_word' id='word_1_74' title='bbox 475 919 544 962; x_wconf 85' lang='lat' dir='ltr'><strong>est,</strong></span> <span class='ocrx_word' id='word_1_75' title='bbox 566 914 619 953; x_wconf 86' lang='lat' dir='ltr'><strong>ad</strong></span> <span class='ocrx_word' id='word_1_76' title='bbox 631 927 700 953; x_wconf 83' lang='lat' dir='ltr'><strong>me</strong></span> <span class='ocrx_word' id='word_1_77' title='bbox 722 914 893 953; x_wconf 83' lang='lat' dir='ltr'><strong>curritur</strong></span> <span class='ocrx_word' id='word_1_78' title='bbox 909 928 918 953; x_wconf 73' lang='grc' dir='ltr'>ε</span> 
     </span>
    </p>

    <p class='ocr_par' dir='ltr' id='par_1_9' title="bbox 93 977 945 1032">
     <span class='ocr_line' id='line_1_13' title="bbox 93 977 945 1032; baseline 0 -14"><span class='ocrx_word' id='word_1_79' title='bbox 93 978 133 1018; x_wconf 91' lang='lat' dir='ltr'><strong>Si</strong></span> <span class='ocrx_word' id='word_1_80' title='bbox 151 977 252 1017; x_wconf 82' lang='lat' dir='ltr'><strong>lenis</strong></span> <span class='ocrx_word' id='word_1_81' title='bbox 272 984 341 1027; x_wconf 86' lang='lat' dir='ltr'><strong>est,</strong></span> <span class='ocrx_word' id='word_1_82' title='bbox 363 979 413 1018; x_wconf 86' lang='lat' dir='ltr'><strong>ad</strong></span> <span class='ocrx_word' id='word_1_83' title='bbox 432 978 555 1018; x_wconf 87' lang='lat' dir='ltr'><strong>alium</strong></span> <span class='ocrx_word' id='word_1_84' title='bbox 575 979 750 1018; x_wconf 87' lang='lat' dir='ltr'><strong>defertur</strong></span> <span class='ocrx_word' id='word_1_85' title='bbox 767 993 945 1032; x_wconf 86' lang='lat' dir='ltr'><strong>gregem.</strong></span> 
     </span>
    </p>

    <p class='ocr_par' dir='ltr' id='par_1_10' title="bbox 93 1042 886 1099">
     <span class='ocr_line' id='line_1_14' title="bbox 93 1042 886 1099; baseline 0.001 -16"><span class='ocrx_word' id='word_1_86' title='bbox 93 1045 142 1084; x_wconf 85' lang='lat' dir='ltr'><strong>ln</strong></span> <span class='ocrx_word' id='word_1_87' title='bbox 162 1045 236 1084; x_wconf 89' lang='lat' dir='ltr'><strong>hac</strong></span> <span class='ocrx_word' id='word_1_88' title='bbox 256 1051 316 1084; x_wconf 90' lang='lat' dir='ltr'><strong>est</strong></span> <span class='ocrx_word' id='word_1_89' title='bbox 334 1059 435 1098; x_wconf 87' lang='lat' dir='ltr'><strong>pura</strong></span> <span class='ocrx_word' id='word_1_90' title='bbox 454 1045 579 1085; x_wconf 82' lang='lat' dir='ltr'><strong>oratio</strong></span> <span class='ocrx_word' id='word_1_91' title='bbox 597 1060 605 1084; x_wconf 75' lang='grc' dir='ltr'><em>τ</em></span> <span class='ocrx_word' id='word_1_92' title='bbox 637 1042 886 1099; x_wconf 81' lang='lat' dir='ltr'><strong>experimini,</strong></span> 
     </span>
    </p>

    <p class='ocr_par' dir='ltr' id='par_1_11' title="bbox 93 1110 1199 1165">
     <span class='ocr_line' id='line_1_15' title="bbox 93 1110 1199 1165; baseline 0.003 -16"><span class='ocrx_word' id='word_1_93' title='bbox 93 1110 143 1149; x_wconf 88' lang='lat' dir='ltr'><strong>ln</strong></span> <span class='ocrx_word' id='word_1_94' title='bbox 163 1115 372 1164; x_wconf 87' lang='lat' dir='ltr'><strong>utramque</strong></span> <span class='ocrx_word' id='word_1_95' title='bbox 392 1117 547 1164; x_wconf 88' lang='lat' dir='ltr'><strong>partem</strong></span> <span class='ocrx_word' id='word_1_96' title='bbox 566 1111 774 1164; x_wconf 87' lang='lat' dir='ltr'><strong>ingenium</strong></span> <span class='ocrx_word' id='word_1_97' title='bbox 795 1112 890 1165; x_wconf 90' lang='lat' dir='ltr'><strong>quid</strong></span> <span class='ocrx_word' id='word_1_98' title='bbox 908 1112 1031 1165; x_wconf 86' lang='lat' dir='ltr'><strong>possit</strong></span> <span class='ocrx_word' id='word_1_99' title='bbox 1049 1126 1199 1152; x_wconf 89' lang='lat' dir='ltr'><strong>meum.</strong></span> 
     </span>
    </p>

    <p class='ocr_par' dir='ltr' id='par_1_12' title="bbox 92 1178 1051 1238">
     <span class='ocr_line' id='line_1_16' title="bbox 92 1178 1051 1238; baseline 0.002 -21"><span class='ocrx_word' id='word_1_100' title='bbox 92 1178 132 1217; x_wconf 89' lang='lat' dir='ltr'><strong>Si</strong></span> <span class='ocrx_word' id='word_1_101' title='bbox 152 1191 357 1238; x_wconf 63' lang='lat' dir='ltr'><strong>nunquam</strong></span> <span class='ocrx_word' id='word_1_102' title='bbox 377 1192 494 1218; x_wconf 86' lang='lat' dir='ltr'><strong>avare</strong></span> <span class='ocrx_word' id='word_1_103' title='bbox 515 1179 686 1232; x_wconf 87' lang='lat' dir='ltr'><strong>pretium</strong></span> <span class='ocrx_word' id='word_1_104' title='bbox 707 1179 826 1219; x_wconf 89' lang='lat' dir='ltr'><strong>statui</strong></span> <span class='ocrx_word' id='word_1_105' title='bbox 844 1179 918 1218; x_wconf 89' lang='lat' dir='ltr'><strong>arti</strong></span> <span class='ocrx_word' id='word_1_106' title='bbox 937 1193 1051 1228; x_wconf 86' lang='lat' dir='ltr'><strong>meae,</strong></span> 
     </span>
    </p>

    <p class='ocr_par' dir='ltr' id='par_1_13' title="bbox 91 1245 1264 1434">
     <span class='ocr_line' id='line_1_17' title="bbox 91 1245 1264 1298; baseline 0.002 -13"><span class='ocrx_word' id='word_1_107' title='bbox 91 1245 143 1285; x_wconf 92' lang='lat' dir='ltr'><strong>Et</strong></span> <span class='ocrx_word' id='word_1_108' title='bbox 162 1259 253 1285; x_wconf 90' lang='lat' dir='ltr'><strong>eum</strong></span> <span class='ocrx_word' id='word_1_109' title='bbox 274 1259 357 1285; x_wconf 84' lang='lat' dir='ltr'><strong>esse</strong></span> <span class='ocrx_word' id='word_1_110' title='bbox 378 1251 575 1298; x_wconf 87' lang='lat' dir='ltr'><strong>quaestum</strong></span> <span class='ocrx_word' id='word_1_111' title='bbox 595 1245 638 1285; x_wconf 89' lang='lat' dir='ltr'><strong>in</strong></span> <span class='ocrx_word' id='word_1_112' title='bbox 657 1245 836 1285; x_wconf 89' lang='lat' dir='ltr'><strong>animum</strong></span> <span class='ocrx_word' id='word_1_113' title='bbox 856 1245 997 1285; x_wconf 87' lang='lat' dir='ltr'><strong>induxi</strong></span> <span class='ocrx_word' id='word_1_114' title='bbox 1015 1259 1264 1295; x_wconf 85' lang='lat' dir='ltr'><strong>maxumum,</strong></span> 
     </span>
     <span class='ocr_line' id='line_1_18' title="bbox 91 1312 1022 1356; baseline 0.001 -5"><span class='ocrx_word' id='word_1_115' title='bbox 91 1312 222 1356; x_wconf 82' lang='lat' dir='ltr'><strong>Quam</strong></span> <span class='ocrx_word' id='word_1_116' title='bbox 242 1326 430 1352; x_wconf 82' lang='lat' dir='ltr'><strong>maxume</strong></span> <span class='ocrx_word' id='word_1_117' title='bbox 451 1313 596 1352; x_wconf 89' lang='lat' dir='ltr'><strong>servire</strong></span> <span class='ocrx_word' id='word_1_118' title='bbox 617 1313 757 1352; x_wconf 86' lang='lat' dir='ltr'><strong>vostris</strong></span> <span class='ocrx_word' id='word_1_119' title='bbox 777 1313 1022 1352; x_wconf 86' lang='lat' dir='ltr'><strong>commodis:</strong></span> 
     </span>
     <span class='ocr_line' id='line_1_19' title="bbox 91 1379 1044 1434; baseline 0 -15"><span class='ocrx_word' id='word_1_120' title='bbox 91 1379 332 1434; x_wconf 82' lang='lat' dir='ltr'><strong>Exemplum</strong></span> <span class='ocrx_word' id='word_1_121' title='bbox 353 1381 512 1420; x_wconf 84' lang='lat' dir='ltr'><strong>statuite</strong></span> <span class='ocrx_word' id='word_1_122' title='bbox 531 1380 572 1419; x_wconf 90' lang='lat' dir='ltr'><strong>in</strong></span> <span class='ocrx_word' id='word_1_123' title='bbox 593 1395 670 1425; x_wconf 92' lang='lat' dir='ltr'><strong>me,</strong></span> <span class='ocrx_word' id='word_1_124' title='bbox 692 1386 738 1419; x_wconf 86' lang='lat' dir='ltr'><strong>ut</strong></span> <span class='ocrx_word' id='word_1_125' title='bbox 756 1379 1044 1420; x_wconf 84' lang='lat' dir='ltr'><strong>adulescentuli</strong></span> 
     </span>
    </p>

    <p class='ocr_par' dir='ltr' id='par_1_14' title="bbox 91 1445 1007 1502">
     <span class='ocr_line' id='line_1_20' title="bbox 91 1445 1007 1502; baseline 0 -18"><span class='ocrx_word' id='word_1_126' title='bbox 91 1445 211 1485; x_wconf 83' lang='lat' dir='ltr'><strong>Vobis</strong></span> <span class='ocrx_word' id='word_1_127' title='bbox 233 1446 389 1502; x_wconf 88' lang='lat' dir='ltr'><strong>placere</strong></span> <span class='ocrx_word' id='word_1_128' title='bbox 410 1446 595 1487; x_wconf 85' lang='lat' dir='ltr'><strong>studeant</strong></span> <span class='ocrx_word' id='word_1_129' title='bbox 613 1446 755 1500; x_wconf 88' lang='lat' dir='ltr'><strong>potius,</strong></span> <span class='ocrx_word' id='word_1_130' title='bbox 778 1458 898 1499; x_wconf 85' lang='lat' dir='ltr'><strong>quam</strong></span> <span class='ocrx_word' id='word_1_131' title='bbox 919 1445 1007 1485; x_wconf 85' lang='lat' dir='ltr'><strong>sibi.</strong></span> 
     </span>
    </p>
   </div>
   <div class='ocr_carea' id='block_1_3' title="bbox 1511 314 1563 355">
    <p class='ocr_par' dir='ltr' id='par_1_15' title="bbox 1511 314 1563 355">
     <span class='ocr_line' id='line_1_21' title="bbox 1511 314 1563 355; baseline 0 0"><span class='ocrx_word' id='word_1_132' title='bbox 1511 314 1563 355; x_wconf 79' lang='lat'><strong>35</strong></span> 
     </span>
    </p>
   </div>
   <div class='ocr_carea' id='block_1_4' title="bbox 1508 649 1562 686">
    <p class='ocr_par' dir='ltr' id='par_1_16' title="bbox 1508 649 1562 686">
     <span class='ocr_line' id='line_1_22' title="bbox 1508 649 1562 686; baseline -0.019 0"><span class='ocrx_word' id='word_1_133' title='bbox 1508 649 1562 686; x_wconf 82' lang='lat'><strong>40</strong></span> 
     </span>
    </p>
   </div>
   <div class='ocr_carea' id='block_1_5' title="bbox 1508 982 1562 1020">
    <p class='ocr_par' dir='ltr' id='par_1_17' title="bbox 1508 982 1562 1020">
     <span class='ocr_line' id='line_1_23' title="bbox 1508 982 1562 1020; baseline 0 0"><span class='ocrx_word' id='word_1_134' title='bbox 1508 982 1562 1020; x_wconf 80' lang='lat'><strong>45</strong></span> 
     </span>
    </p>
   </div>
   <div class='ocr_carea' id='block_1_6' title="bbox 1505 1313 1561 1355">
    <p class='ocr_par' dir='ltr' id='par_1_18' title="bbox 1505 1313 1561 1355">
     <span class='ocr_line' id='line_1_24' title="bbox 1505 1313 1561 1355; baseline 0.018 -1"><span class='ocrx_word' id='word_1_135' title='bbox 1505 1313 1561 1355; x_wconf 79' lang='lat'><strong>50</strong></span> 
     </span>
    </p>
   </div>
  </div>
 </body>
</html>
