1670 3080
119 195 215 242 158
746 205 973 237 HECYRA.

112 297 189 337 Pu.
229 296 324 336 Non
345 295 486 349 edepol
504 294 663 334 mirum.
750 293 824 332 ΡΑ.
863 293 999 344 Atque
1020 304 1068 330 ea
1085 303 1149 329 res
1167 288 1293 330 multo
1313 300 1501 328 maxume
1530 288 1582 328 85

112 364 322 418 Disjunxit
340 363 454 402 illum
475 362 525 402 ab
544 361 634 410 illa3
664 364 875 414 postquam
895 364 935 398 et
954 358 1038 411 ipse
1059 371 1112 406 se,

115 430 169 471 Et
186 430 308 478 illam,
331 435 372 468 et
388 429 505 477 hanc,
527 441 617 480 quae
638 426 747 466 domi
766 430 860 473 erat,
883 423 1072 477 cognovit
1090 422 1195 471 satis,
1218 450 1229 460 .

114 497 182 536 Ad
202 495 431 549 exemplum
451 495 661 534 ambarum
678 506 809 532 mores
830 505 966 531 earum
987 490 1243 530 existumans-

115 563 230 612 Haec,
252 563 309 602 ita
326 563 385 602 uti
403 561 557 601 liberali
575 566 693 613 atque
711 560 900 612 ingenuae
920 559 1045 606 decet,

119 629 293 677 Pudens,
314 629 504 677 modesta,
525 627 790 674 incommoda,
813 631 930 677 atque
950 623 1115 677 injurias
1533 623 1586 659 90

115 695 204 734 Viri
223 708 362 734 omnes
379 695 483 734 ferre
499 709 507 743 ;
539 699 579 733 et
597 699 731 746 tegere
752 691 1022 732 contumelias.

117 762 197 802 Hic
217 763 384 812 animus,
405 762 550 815 partim
568 761 702 800 uxoris
721 759 990 800 misericordia

118 829 351 879 Devinctus,
372 829 518 882 partim
537 828 664 868 victus
682 828 800 880 hujus
819 826 976 879 injuria,

117 897 316 937 Paulatim
337 897 543 949 elapsus’st
563 895 764 944 Bacchidi,
786 900 904 947 atque
923 894 1002 933 huc
1022 890 1225 932 transtulit

119 966 325 1013 Amorem,
347 970 558 1017 postquam
577 977 649 1016 par
667 962 874 1015 ingenium
895 966 1035 1000 nactus
1055 966 1125 999 est.
1537 957 1587 996 95

119 1032 278 1072 Interea
296 1032 339 1071 in
360 1032 496 1070 Imbro
515 1030 681 1070 moritur
700 1034 891 1082 cognatus
911 1041 1034 1067 senex

118 1100 310 1139 Horunce
328 1114 335 1122 ·
366 1099 418 1138 ad
435 1099 508 1138 hos
529 1112 576 1138 ea
593 1098 710 1137 rediit
728 1097 815 1150 lege
834 1095 1061 1135 haereditas.

120 1168 182 1208 Eo
202 1173 405 1208 amantem
424 1167 594 1206 invitum
616 1165 869 1219 Pamphilum
891 1163 1066 1204 extrudit
1083 1167 1208 1216 pater.

117 1235 295 1288 Reliquit
311 1235 377 1274 hic
397 1249 489 1274 cum
508 1239 635 1274 matre
654 1246 845 1272 uxorem:
876 1245 972 1270 nam
992 1244 1116 1270 senex

118 1303 203 1342 Rus
222 1303 333 1342 abdit
351 1316 435 1342 sese
453 1317 461 1341 :
491 1302 570 1340 huc
591 1315 679 1340 raro
699 1301 741 1339 in
760 1300 900 1339 urbem
922 1303 1133 1338 commeat.
1517 1296 1592 1333 100

119 1370 196 1409 ΡΗ.
237 1369 345 1414 Quid
363 1369 493 1408 adhuc
512 1368 664 1407 habent
682 1366 923 1406 infirmitatis
942 1365 1122 1418 nuptiae?

119 1436 191 1475 ΡΑ.
232 1435 351 1474 Nunc
373 1435 509 1474 audies
526 1449 534 1474 ε
564 1434 694 1487 primo
712 1432 785 1472 hos
805 1432 888 1471 dies
909 1429 1200 1484 complusculos

118 1502 228 1541 Bene
248 1502 486 1541 convenibat
505 1514 599 1540 sane
620 1500 724 1539 inter
744 1513 809 1538 eas
827 1513 835 1537 ε
865 1498 1028 1537 interim

123 1569 241 1608 Miris
260 1570 388 1608 modis
408 1569 535 1609 odisse
557 1568 679 1620 coepit
699 1567 915 1606 Sostratam
932 1579 942 1604 ε

120 1635 263 1688 Neque
282 1635 371 1674 lites
390 1635 484 1674 ullae
503 1635 608 1674 inter
627 1647 704 1682 eas,
726 1631 940 1686 postulatio
1517 1629 1592 1667 105

119 1702 352 1755 Nunquam.
411 1703 487 1742 PH.
520 1701 627 1746 Quid
645 1700 796 1754 igitur?
853 1699 925 1738 ΡΑ.
958 1696 1179 1750 Siquando
1198 1696 1250 1736 ad
1267 1708 1358 1735 eam
1377 1699 1597 1735 accesserat

121 1769 440 1818 Confabulatum,
461 1770 600 1820 fugere
621 1783 641 1807 e
663 1772 880 1820 conspectu
899 1765 1018 1813 illico,

120 1836 268 1875 Videre
288 1836 393 1875 nolle
411 1851 419 1875 ε
451 1836 623 1888 denique
642 1834 711 1874 ubi
730 1848 812 1873 non
834 1833 919 1886 quit
937 1833 1032 1886 pati,

122 1901 301 1950 Simulat,
324 1915 364 1940 se
385 1902 437 1941 ad
455 1907 626 1940 matrem
646 1900 790 1939 arcessi
811 1899 862 1938 ad
880 1912 967 1937 rem
987 1897 1178 1946 divinam,
1200 1896 1304 1944 abit;

125 1968 204 2006 Ubi
223 1967 303 2006 illic
323 1967 407 2007 dies
428 1974 488 2006 est
506 1967 739 2019 complures,
762 1968 906 2005 arcessi
920 1965 1060 2018 jubet:
1520 1963 1598 2000 110

122 2035 271 2076 Dixere
292 2048 452 2073 causam
473 2033 606 2074 nescio
627 2047 748 2086 quam
765 2047 774 2072 ε
804 2033 949 2072 iterum
963 2032 1105 2084 jubet;
1480 2030 1488 2034 ‘

123 2100 256 2139 Nemo
275 2100 426 2139 remisit
442 2114 450 2139 z
480 2105 571 2153 post
591 2113 711 2151 quam
731 2098 893 2137 arcessit
911 2098 1068 2150 saepius,

124 2166 291 2218 AEgram
311 2179 395 2205 esse
416 2164 607 2204 simulant
624 2163 835 2202 mulierem
852 2177 860 2201 :
891 2168 1028 2201 nostra
1044 2161 1151 2202 illico

127 2233 167 2272 It
185 2233 311 2272 visere
331 2232 383 2271 ad
402 2245 491 2271 eam
508 2245 516 2270 :
547 2215 706 2270 admisit
725 2243 867 2269 nemo:
897 2229 973 2269 hoc
992 2229 1061 2269 ubi
1081 2241 1204 2269 senex

125 2299 313 2348 Rescivit,
333 2299 421 2338 heri
439 2312 487 2338 ea
505 2311 625 2337 causa
642 2311 733 2336 rure
752 2297 832 2336 huc
852 2297 1024 2345 advenit,
1522 2296 1596 2334 115

126 2366 287 2405 Patrem
307 2365 495 2404 continuo
515 2364 703 2404 convenit
723 2362 985 2403 Philumenae.
1496 2369 1499 2371 ’

127 2431 236 2476 Quid
255 2431 409 2484 egerint
426 2431 532 2469 inter
550 2444 604 2478 se,
625 2430 807 2469 nondum
827 2429 947 2468 etiam
967 2428 1071 2467 scio:

127 2499 218 2538 Nisi
237 2511 332 2537 sane
352 2511 459 2537 curae
481 2502 551 2546 est,
573 2510 762 2549 quorsum
781 2501 1018 2535 eventurum
1036 2494 1112 2533 hoc
1132 2493 1217 2533 siet.

130 2565 269 2604 Habes
288 2578 450 2603 omnem
469 2577 554 2603 rem
571 2577 580 2602 ε
610 2576 786 2616 pergam,
809 2575 887 2614 quo
907 2561 1011 2614 coepi
1030 2560 1106 2600 hoc
1125 2560 1212 2600 iter.

131 2632 207 2670 Pu.
247 2632 301 2671 Et
319 2631 480 2684 quidem
501 2644 576 2683 ego
593 2644 602 2668 ι
632 2643 727 2668 nam
747 2629 933 2669 constitui
953 2643 1045 2668 cum
1066 2628 1240 2682 quodam
1258 2626 1424 2680 hospite,
1522 2627 1600 2664 120
1668 2619 1670 2623 ¹

131 2698 202 2736 Me
224 2711 307 2736 esse
326 2696 439 2736 illum
460 2700 758 2735 conventuram.
845 2696 917 2734 ΡΑ.
958 2695 1013 2734 Di
1033 2699 1191 2734 vortant
1208 2694 1323 2741 bene,
1646 2693 1650 2696 ⁴

132 2765 249 2809 Quod
268 2778 374 2817 agas.
461 2764 536 2803 Pu.
577 2762 690 2802 Vale.
778 2763 850 2802 ΡΑ.
891 2762 945 2802 Et
963 2767 1006 2801 tu
1024 2763 1128 2801 bene
1147 2759 1247 2809 vale,
1270 2758 1505 2800 Philotium.
