1670 3080
123 158 150 203 5
163 155 190 203 6
722 174 1000 207 EUNUCHUS.

529 326 706 366 ACTUS
737 326 819 366 111.
879 325 1065 369 SCENA
1089 325 1150 364 IV

746 428 957 467 Aurn‘flo.

116 527 198 567 AN.
238 526 339 567 Heri
357 527 507 581 aliquot
525 527 809 567 adulescentuli
828 527 992 567 coiimus
1011 527 1052 566 in
1074 526 1214 574 Piraeo,

117 593 167 632 In
186 592 293 636 hunc
313 593 419 633 diem
438 599 483 633 ut
501 594 549 633 de
570 593 758 646 symbolis
779 607 966 632 essemus.
1026 592 1232 632 Chaeream
1252 592 1289 632 ei
1308 592 1366 632 rei

117 658 399 699 Praefecimus:
429 659 511 699 dati
530 658 693 698 annuli:
723 658 843 707 locus,
865 664 1021 711 tempus
1041 658 1361 698 constitutum’st.

116 724 311 764 Praeteriit
329 730 496 778 tempus,
518 738 596 777 quo
614 725 656 763 in
675 724 762 764 1000
781 724 992 773 dietum’st,
1015 724 1143 777 parati
1162 723 1264 763 nihil
1283 730 1355 764 est.

116 790 252 830 Homo
279 791 363 843 ipse
391 790 639 842 nusquam'st
655 804 663 829 :
693 803 822 842 neque
852 789 932 829 scio
959 789 1055 842 quid
1085 789 1227 838 dicam,
1258 795 1328 829 aut
1357 790 1453 843 quid
1486 804 1581 830 con·

272 856 433 908 jectem.
1552 858 1577 896 5
1594 871 1598 873 Δ

118 922 238 961 Nunc
257 922 314 960 mi
331 921 406 961 hoc
425 921 560 974 negoti
580 920 699 960 ceteri
719 920 874 968 dedere,
895 925 941 959 ut
958 919 1071 959 illum
1091 933 1281 972 quaeram.

115 987 241 1039 quue
261 987 360 1027 adeo
381 987 518 1036 visam,
540 987 573 1025 si
592 986 773 1026 domi’st:
803 986 873 1025 sed
892 985 1074 1037 quisnam
1094 999 1118 1024 a
1137 985 1289 1024 Thaide
1310 985 1418 1025 exit?

116 1053 155 1092 Is
193 1059 262 1102 est,
301 1067 353 1092 an
390 1067 472 1092 non
510 1053 598 1092 est?
642 1052 750 1105 ipsus
787 1058 846 1092 est
862 1066 870 1091 ε
902 1052 998 1104 quid
1034 1052 1109 1091 hoc
1146 1051 1348 1093 hominis?
1377 1051 1472 1104 quid
1503 1052 1579 1092 hoc

281 1119 458 1159 ornati’st
471 1120 487 1159 ’.Ρ

112 1185 219 1230 Quid
237 1184 335 1225 illud
352 1185 526 1224 mali’st?
553 1198 706 1238 nequeo
726 1184 818 1224 satis
837 1183 972 1224 mirari
991 1197 1121 1236 neque
1141 1185 1348 1238 conjicere.

111 1252 200 1292 Nisi
219 1252 407 1305 quicquid
425 1258 495 1302 est,
515 1252 653 1306 procul
671 1251 765 1292 hinc
783 1251 895 1292 lubet
912 1251 1021 1305 prius
1042 1252 1137 1304 quid
1155 1252 1206 1292 sit
1224 1252 1425 1292 sciscitari.
1528 1254 1578 1291 10

538 1451 716 1491 ACTUS
747 1451 829 1491 ΙΙΙ.
888 1451 1069 1491 SCENA
1099 1451 1150 1490 V.

608 1556 805 1596 camna.
862 1556 1074 1595 Aurn’uo.

109 1653 183 1691 Cu.
224 1650 425 1704 Numquis
451 1650 517 1690 hie
544 1651 629 1690 est?
658 1663 779 1689 nemo
810 1654 896 1689 est:
925 1648 1113 1701 numquis
1144 1648 1239 1702 hine
1272 1662 1339 1688 me
1369 1649 1578 1702 sequitur?

269 1732 388 1757 nemo
407 1717 587 1757 homo‘st.

109 1785 133 1823 J
137 1798 254 1823 amne
275 1797 481 1836 erumpere
499 1782 576 1822 hoo
594 1782 687 1822 licet
704 1781 804 1821 mihi
821 1780 1040 1834 gaudium?
1067 1794 1139 1834 pro
1159 1779 1339 1833 Jupiter!

108 1850 229 1889 Nune
250 1855 313 1888 est
330 1849 519 1902 profecto,
540 1848 711 1887 interfici
730 1861 821 1886 cum
839 1846 991 1899 perpeti
1010 1860 1075 1885 me
1094 1858 1268 1899 possum,

109 1915 172 1954 Ne
191 1915 267 1954 hoc
283 1914 474 1967 gaudium
495 1913 741 1952 contaminet
759 1913 840 1951 vita
859 1913 1094 1964 aegritudine
1114 1912 1258 1965 aliqua.

109 1982 187 2022 Sed
207 1981 463 2021 neminemne
484 1980 682 2019 curiosum
701 1978 940 2018 intervenire
962 1992 1068 2017 nunc
1087 1978 1199 2028 mihi,
1548 1982 1574 2020 5

109 2048 189 2092 Qui
206 2061 271 2086 me
291 2051 476 2098 sequatur
495 2058 653 2098 quoquo
673 2058 762 2083 eam
778 2058 787 2092 ;
817 2043 1025 2095 rogitando
1046 2043 1250 2092 obtundat,
1271 2043 1426 2086 enicet:

110 2114 216 2159 Quid
238 2113 419 2166 gestiam,
441 2117 510 2151 aut
530 2112 625 2164 quid
645 2111 760 2150 laetus
789 2110 875 2158 sim,
905 2123 983 2163 quo
1011 2123 1191 2162 pergam,
1219 2110 1327 2150 unde
1357 2125 1574 2165 emergam,

272 2182 341 2222 ubi
360 2182 459 2221 siem
763 2222 765 2224 ¹

109 2248 309 2287 Vestitum
344 2247 452 2286 hunc
489 2250 639 2294 nactus,
680 2245 775 2297 quid
810 2244 910 2283 mihi
948 2258 1136 2297 quaeram,
1185 2259 1304 2287 sanus
1341 2247 1428 2296 sim,
1467 2261 1573 2288 anne

269 2312 465 2352 insaniam
476 2312 492 2350 ’ἒ

111 2381 192 2420 ΑΝ.
231 2379 375 2427 Adibo,
397 2383 516 2430 atque
535 2378 584 2417 ab
604 2391 651 2416 eo
670 2376 840 2429 gratiam
859 2376 976 2424 hanc,
999 2390 1118 2428 quam
1137 2377 1253 2416 video
1271 2377 1385 2428 velle,
1405 2378 1526 2419 inibo.
1574 2370 1580 2372 ‚

110 2445 284 2493 Chaerea,
302 2444 398 2497 quid
416 2450 475 2483 est
486 2444 592 2496 quod
610 2443 665 2482 sic
682 2442 830 2495 gestis?
850 2442 946 2494 quid
964 2443 1037 2482 sibi
1055 2443 1120 2482 hic
1135 2444 1298 2483 vestitus
1317 2445 1490 2497 quaerit?
1523 2448 1574 2486 10

109 2512 217 2558 Quid
242 2517 310 2560 est,
333 2510 579 2564 quod'laetus
606 2510 677 2549 es?
705 2509 800 2561 quid
826 2508 897 2547 tibi
916 2508 1004 2548 vis?
1033 2509 1157 2548 satine
1178 2510 1360 2550 sanus’s?
1387 2512 1483 2565 quid
1505 2526 1572 2552 me

272 2583 450 2631 aspectas
463 2578 480 2616 ’ἰ

109 2646 233 2685 Taces
253 2645 377 2698 quid?
461 2644 536 2682 Cu.
577 2644 613 2682 O
632 2642 754 2682 festus
773 2642 856 2682 dies
874 2641 1047 2680 hominis
1063 2642 1072 2680 !
1103 2642 1243 2691 amioe,
1264 2642 1371 2683 salve
1388 2643 1399 2682 Ξ

109 2714 240 2753 Nemo
256 2712 496 2759 omnium’st,
514 2725 633 2764 quem
653 2724 727 2763 ego
745 2724 853 2749 nunc
872 2709 1000 2761 magis
1015 2709 1147 2748 videre
1168 2723 1366 2762 euperem,
1384 2725 1504 2764 quam
1521 2704 1573 2752 te.

110 2780 193 2819 AN.
233 2779 364 2818 Narra
381 2778 493 2825 istuc,
516 2791 660 2830 quaeso,
683 2776 778 2829 quid
804 2775 865 2815 sit.
950 2775 1026 2815 Cn.
1067 2775 1198 2814 Immo
1227 2790 1300 2829 ego
1329 2782 1368 2816 te
1397 2778 1572 2827 obsecro,

271 2843 403 2885 hercle
422 2849 467 2883 ut
486 2843 636 2883 audias.
