1670 3080
527 116 686 148 ACTUS
723 116 802 148 111.
874 116 1038 148 SCENA
1074 118 1120 149 V.
1473 103 1568 152 133

95 204 299 244 Sustentat
370 202 491 240 Hune
512 202 676 250 abduce,
699 203 818 252 vinci,
842 217 976 256 quaere
995 217 1094 244 rem.

95 271 174 310 Gn.
206 269 338 309 Immo
352 266 486 308 hercle
506 274 710 322 extorque,
726 269 803 309 nisi
823 270 880 310 ita
893 271 1107 320 factum'st,
1131 271 1288 311 Demea
1304 286 1312 310 :

94 337 300 377 Postremo
318 347 400 376 non
419 336 609 390 negabit;
641 350 776 376 coram
795 337 927 391 ipsum
948 337 1059 378 cedo.

93 405 173 445 Da.
204 405 357 445 Pudet:
387 418 475 454 nec,
498 405 595 457 quid
614 419 744 458 agam,
762 419 906 458 neque,
929 405 1026 459 quid
1045 405 1137 446 huic
1158 406 1438 460 respondeam,

93 474 195 514 Scio.
281 473 353 512 ΡΑ.
395 473 588 512 Miseram
607 486 684 522 me,
707 473 867 512 differor
885 473 1098 513 doloribus.
1512 476 1566 512 40

93 541 203 580 Juno
222 539 378 580 Lucina
396 540 457 580 fer
475 554 593 594 opem
611 555 620 580 :
651 553 765 580 serva
783 554 862 590 me,
884 541 1060 581 obsecro.
1149 541 1232 581 Hs.
1274 541 1409 581 Hem!

93 607 301 647 Numnam
320 606 389 646 illa
409 621 544 661 quaeso
563 607 759 661 parturit?
844 608 922 647 GE.
954 608 1083 658 Certe,
1107 608 1254 662 Hegio.
1315 608 1397 648 ΗΕ.
1430 608 1566 648 Hem!

94 674 205 714 Illaec
226 673 346 714 fidem
366 688 473 714 nunc
494 680 667 715 vostram
685 674 882 728 implorat,
905 674 1086 724 Demea;

93 741 212 786 Quod
231 755 302 781 vos
320 741 380 781 vis
400 742 518 795 cogit,
535 742 578 782 id
595 741 800 782 voluntate
819 742 1018 795 impetret.

94 810 198 850 Haec
217 810 393 863 primum
411 815 458 849 ut
477 809 585 858 fiant,
608 810 716 849 Deos
735 823 882 862 quaeso,
903 815 949 849 ut
967 810 1079 850 vobis
1099 809 1225 850 decet.
1513 812 1564 849 45

94 877 163 917 Sin
183 876 298 917 aliter
315 878 473 917 animus
492 884 623 918 vester
641 883 725 926 est;
754 890 841 930 ego,
865 877 1031 926 Demea,

94 945 260 985 Summa
278 945 318 984 vi
338 945 551 986 defendam
570 945 644 985 has
663 951 782 999 atque
802 944 916 984 illum
935 950 1152 984 mortuum.

94 1013 295 1067 Cognatus
313 1013 370 1052 mi
391 1019 475 1052 erat
491 1028 499 1052 :
529 1026 612 1053 una
629 1025 655 1053 a
667 1013 801 1066 pueris
819 1011 992 1066 parvolis

93 1082 238 1121 Sumus
257 1081 409 1121 educti:
439 1094 522 1121 una
540 1095 700 1134 semper
717 1080 872 1120 militiae
892 1086 933 1121 et
950 1080 1058 1120 domi

92 1147 281 1188 Fuimus:
310 1154 587 1202 paupertatem
601 1161 684 1188 una
701 1147 937 1202 pertulimus
956 1160 1133 1201 gravem.
1510 1150 1564 1188 50

93 1217 346 1270 Quapropter
364 1217 479 1266 nitar,
500 1216 659 1265 faciam,
682 1216 876 1270 experiar,
895 1215 1069 1268 denique

94 1283 287 1323 Animam
304 1284 531 1337 relinquam
550 1283 693 1336 potius,
715 1296 837 1336 quam
850 1282 939 1322 illas
958 1282 1152 1322 deseram.

94 1350 202 1396 Quid
220 1351 320 1391 mihi
339 1352 584 1404 respondes?
667 1351 747 1390 Da.
780 1351 962 1390 Fratrem
982 1349 1219 1390 conveniam
1241 1349 1398 1403 Hegio:

95 1418 147 1467 Is,
165 1419 269 1471 quod
285 1419 385 1458 mihi
405 1419 454 1459 de
472 1419 549 1459 hac
569 1433 611 1459 re
631 1418 786 1460 dederit
804 1418 1026 1467 consilium,
1047 1418 1090 1458 id
1108 1431 1262 1472 sequar.

93 1486 176 1526 HE.
209 1486 300 1536 Sed,
319 1487 486 1536 Demea,
501 1487 583 1527 vhoc
603 1493 647 1527 tu
665 1487 786 1527 facito
805 1500 897 1527 cum
917 1486 1051 1526 animo
1072 1486 1233 1539 cogites,
1510 1487 1563 1527 55

92 1555 223 1599 Quam
243 1568 314 1594 vos
333 1555 534 1595 facillume
554 1555 683 1609 agitis,
707 1569 829 1609 quam
850 1554 944 1594 estis
962 1567 1152 1594 maxume

92 1621 290 1671 Potentes,
314 1622 426 1672 dites,
450 1623 652 1673 fortunati,
674 1622 839 1672 nobiles,

91 1689 192 1728 Tam
212 1703 402 1729 maxume
422 1704 493 1729 vos
512 1704 628 1743 aequo
647 1690 782 1729 animo
802 1703 918 1743 aequa
937 1702 1100 1728 noscere

92 1756 272 1809 Oportet,
294 1757 328 1796 si
347 1771 416 1796 vos
435 1757 552 1797 voltis
571 1757 771 1810 perhiberi
788 1757 943 1810 probos.

92 1823 170 1863 DE.
206 1823 351 1863 Redito
369 1839 376 1863 :
407 1824 518 1873 fient,
539 1824 626 1864 fieri
647 1838 738 1878 quae
758 1824 980 1878 aequom’st,
1002 1824 1150 1864 omnia.
1508 1826 1561 1864 60

94 1890 174 1929 HE.
206 1890 335 1930 Decet
353 1897 391 1930 te
412 1891 555 1931 facere.
615 1892 730 1940 Geta,
752 1891 829 1931 duc
848 1904 914 1930 me
934 1891 1041 1930 intro
1061 1890 1114 1930 ad
1134 1891 1364 1930 Sostratam.

91 1957 169 1997 Dr„
211 1958 304 1998 Non
323 1973 389 1998 me
408 1959 609 1999 indicente
628 1958 715 1999 haec
734 1958 863 2008 fiunt;
894 1959 1049 1998 utinam
1069 1957 1135 1998 hic
1150 1957 1201 1997 sit
1219 1957 1338 1997 modo

92 2024 336 2065 Defunctum
354 2040 364 2074 ;
395 2039 535 2066 verum
554 2025 680 2065 nimia
694 2025 797 2065 illaec
816 2024 980 2064 licentia

90 2092 270 2132 Profecto
287 2093 430 2133 evadet
448 2094 490 2133 in
511 2093 672 2147 aliquod
690 2107 884 2146 magnum
903 2091 1068 2132 malum.

91 2159 174 2208 Ib0‚
196 2173 242 2199 ac
263 2161 463 2213 requiram
482 2161 660 2210 fratrem,
682 2166 728 2200 ut
745 2160 786 2200 in
809 2174 902 2200 eum
920 2159 1009 2200 haec
1030 2172 1230 2200 evomam.
1508 2161 1559 2199 65

512 2312 691 2353 ACTUS
722 2312 804 2353 III.
864 2312 1047 2353 SCENA
1076 2313 1126 2353 V.
1176 2316 1178 2318 ’

748 2416 905 2456 Ηεαιο.

92 2507 205 2547 Bono
224 2507 358 2547 animo
376 2507 439 2548 fac
460 2508 524 2556 sis,
548 2508 750 2556 Sostrata;
781 2514 822 2548 et
839 2508 968 2558 istam,
992 2509 1099 2562 quod
1117 2515 1240 2563 potes,

93 2573 172 2614 Fac
191 2574 416 2614 consolere:
447 2589 521 2628 ego
543 2575 777 2623 Micionem,
799 2575 831 2614 si
852 2575 959 2628 apud
978 2576 1172 2625 fortun’sa

94 2639 336 2680 Conveniam
354 2655 363 2690 ;
394 2647 525 2694 atque,
546 2647 594 2681 ut
610 2655 673 2681 res
691 2641 864 2694 gesta‘st,
887 2642 1057 2681 narrabo
1077 2642 1216 2682 ordine
1232 2658 1242 2681 .-

96 2706 137 2745 Si
150 2706 206 2746 ita
224 2713 293 2755 est,
315 2707 491 2747 facturus
505 2713 550 2747 ut
571 2707 622 2747 sit
640 2707 816 2747 officium
831 2721 960 2756 suum,

98 2771 233 2812 Faciat
249 2788 258 2812 ε
289 2774 349 2812 sin
369 2774 483 2814 aliter
501 2774 550 2814 de
570 2774 647 2814 hac
663 2788 705 2813 re
726 2778 787 2813 est
805 2774 891 2826 ejus
911 2774 1121 2823 sententia,
1537 2779 1563 2818 5

98 2837 352 2892 Respondeat
370 2840 452 2880 mi:
482 2846 538 2890 ut,
562 2840 655 2892 quid
677 2854 808 2893 agam,
831 2853 952 2893 quam
971 2840 1145 2894 primum
1165 2841 1300 2881 sciam.
