<?xml version="1.0" encoding="UTF-8"?>
<!DOCTYPE html PUBLIC "-//W3C//DTD XHTML 1.0 Transitional//EN"
    "http://www.w3.org/TR/xhtml1/DTD/xhtml1-transitional.dtd">
<html xmlns="http://www.w3.org/1999/xhtml" xml:lang="en" lang="en">
 <head>
  <title>
</title>
<meta http-equiv="Content-Type" content="text/html;charset=utf-8" />
  <meta name='ocr-system' content='tesseract 3.04.00' />
  <meta name='ocr-capabilities' content='ocr_page ocr_carea ocr_par ocr_line ocrx_word'/>
</head>
<body>
  <div class='ocr_page' id='page_1' title='image "./comoediaesext00tereuoft_0113.png"; bbox 0 0 1670 3080; ppageno 0'>
   <div class='ocr_carea' id='block_1_1' title="bbox 471 148 1519 196">
    <p class='ocr_par' dir='ltr' id='par_1_1' title="bbox 471 148 1519 196">
     <span class='ocr_line' id='line_1_1' title="bbox 471 148 1519 196; baseline -0.003 -4"><span class='ocrx_word' id='word_1_1' title='bbox 471 159 630 192; x_wconf 74' lang='lat' dir='ltr'>Ac&#39;rus</span> <span class='ocrx_word' id='word_1_2' title='bbox 666 160 712 191; x_wconf 88' lang='lat' dir='ltr'>v.</span> <span class='ocrx_word' id='word_1_3' title='bbox 783 159 949 191; x_wconf 82' lang='lat' dir='ltr'>SCENA</span> <span class='ocrx_word' id='word_1_4' title='bbox 985 159 1095 190; x_wconf 87' lang='lat' dir='ltr'>vm.</span> <span class='ocrx_word' id='word_1_5' title='bbox 1455 148 1519 196; x_wconf 77' lang='grc'>’75</span> 
     </span>
    </p>
   </div>
   <div class='ocr_carea' id='block_1_2' title="bbox 44 245 1522 634">
    <p class='ocr_par' dir='ltr' id='par_1_2' title="bbox 50 245 1337 301">
     <span class='ocr_line' id='line_1_2' title="bbox 50 245 1337 301; baseline 0.002 -15"><span class='ocrx_word' id='word_1_6' title='bbox 50 245 250 301; x_wconf 87' lang='lat' dir='ltr'>Principio</span> <span class='ocrx_word' id='word_1_7' title='bbox 269 260 343 300; x_wconf 89' lang='lat' dir='ltr'>ego</span> <span class='ocrx_word' id='word_1_8' title='bbox 361 259 432 287; x_wconf 88' lang='lat' dir='ltr'>vos</span> <span class='ocrx_word' id='word_1_9' title='bbox 451 247 610 287; x_wconf 88' lang='lat' dir='ltr'>credere</span> <span class='ocrx_word' id='word_1_10' title='bbox 629 246 767 287; x_wconf 87' lang='lat' dir='ltr'>ambos</span> <span class='ocrx_word' id='word_1_11' title='bbox 786 245 862 286; x_wconf 83' lang='lat' dir='ltr'>hoc</span> <span class='ocrx_word' id='word_1_12' title='bbox 881 245 938 285; x_wconf 92' lang='lat' dir='ltr'>mi</span> <span class='ocrx_word' id='word_1_13' title='bbox 957 245 1216 287; x_wconf 87' lang='lat' dir='ltr'>vehementer</span> <span class='ocrx_word' id='word_1_14' title='bbox 1234 247 1337 297; x_wconf 92' lang='lat' dir='ltr'>volo,</span> 
     </span>
    </p>

    <p class='ocr_par' dir='ltr' id='par_1_3' title="bbox 49 310 1522 366">
     <span class='ocr_line' id='line_1_3' title="bbox 49 310 1522 366; baseline 0 -15"><span class='ocrx_word' id='word_1_15' title='bbox 49 310 132 361; x_wconf 85' lang='lat' dir='ltr'>Me,</span> <span class='ocrx_word' id='word_1_16' title='bbox 153 311 271 366; x_wconf 89' lang='lat' dir='ltr'>hujus</span> <span class='ocrx_word' id='word_1_17' title='bbox 290 311 479 365; x_wconf 88' lang='lat' dir='ltr'>quicquid</span> <span class='ocrx_word' id='word_1_18' title='bbox 496 311 654 360; x_wconf 87' lang='lat' dir='ltr'>faciam,</span> <span class='ocrx_word' id='word_1_19' title='bbox 675 311 718 351; x_wconf 91' lang='lat' dir='ltr'>id</span> <span class='ocrx_word' id='word_1_20' title='bbox 735 311 866 350; x_wconf 87' lang='lat' dir='ltr'>facere</span> <span class='ocrx_word' id='word_1_21' title='bbox 886 323 1075 350; x_wconf 84' lang='lat' dir='ltr'><strong>maxume</strong></span> <span class='ocrx_word' id='word_1_22' title='bbox 1095 324 1215 351; x_wconf 88' lang='lat' dir='ltr'>causa</span> <span class='ocrx_word' id='word_1_23' title='bbox 1232 325 1346 351; x_wconf 86' lang='lat' dir='ltr'>mea:</span> <span class='ocrx_word' id='word_1_24' title='bbox 1468 314 1522 351; x_wconf 89' lang='lat'>40</span> 
     </span>
    </p>

    <p class='ocr_par' dir='ltr' id='par_1_4' title="bbox 47 378 1282 432">
     <span class='ocr_line' id='line_1_4' title="bbox 47 378 1282 432; baseline 0 -13"><span class='ocrx_word' id='word_1_25' title='bbox 47 378 199 419; x_wconf 83' lang='lat' dir='ltr'>Verum</span> <span class='ocrx_word' id='word_1_26' title='bbox 219 379 252 419; x_wconf 85' lang='lat' dir='ltr'>si</span> <span class='ocrx_word' id='word_1_27' title='bbox 270 379 378 419; x_wconf 90' lang='lat' dir='ltr'>idem</span> <span class='ocrx_word' id='word_1_28' title='bbox 396 378 508 419; x_wconf 87' lang='lat' dir='ltr'>vobis</span> <span class='ocrx_word' id='word_1_29' title='bbox 526 379 698 432; x_wconf 88' lang='lat' dir='ltr'>prodest,</span> <span class='ocrx_word' id='word_1_30' title='bbox 719 391 790 418; x_wconf 86' lang='lat' dir='ltr'>vos</span> <span class='ocrx_word' id='word_1_31' title='bbox 808 391 890 418; x_wconf 89' lang='lat' dir='ltr'>non</span> <span class='ocrx_word' id='word_1_32' title='bbox 909 378 1042 418; x_wconf 89' lang='lat' dir='ltr'>facere</span> <span class='ocrx_word' id='word_1_33' title='bbox 1061 378 1282 419; x_wconf 86' lang='lat' dir='ltr'>inscitia’st.</span> 
     </span>
    </p>

    <p class='ocr_par' dir='ltr' id='par_1_5' title="bbox 46 444 1517 553">
     <span class='ocr_line' id='line_1_5' title="bbox 46 444 1517 499; baseline 0 -13"><span class='ocrx_word' id='word_1_34' title='bbox 46 444 122 485; x_wconf 68' lang='lat' dir='ltr'>Pu.</span> <span class='ocrx_word' id='word_1_35' title='bbox 145 446 252 491; x_wconf 84' lang='lat' dir='ltr'><strong>Quid</strong></span> <span class='ocrx_word' id='word_1_36' title='bbox 270 446 312 486; x_wconf 90' lang='lat' dir='ltr'>id</span> <span class='ocrx_word' id='word_1_37' title='bbox 330 447 418 486; x_wconf 76' lang='lat' dir='ltr'>est?</span> <span class='ocrx_word' id='word_1_38' title='bbox 475 446 555 486; x_wconf 66' lang='lat' dir='ltr'>Gn.</span> <span class='ocrx_word' id='word_1_39' title='bbox 587 445 761 486; x_wconf 83' lang='lat' dir='ltr'>Militem</span> <span class='ocrx_word' id='word_1_40' title='bbox 781 459 856 498; x_wconf 89' lang='lat' dir='ltr'>ego</span> <span class='ocrx_word' id='word_1_41' title='bbox 875 445 1042 486; x_wconf 90' lang='lat' dir='ltr'>rivalem</span> <span class='ocrx_word' id='word_1_42' title='bbox 1062 445 1342 499; x_wconf 84' lang='lat' dir='ltr'>recipiundum</span> <span class='ocrx_word' id='word_1_43' title='bbox 1361 459 1517 488; x_wconf 84' lang='lat' dir='ltr'>censeo.</span> 
     </span>
     <span class='ocr_line' id='line_1_6' title="bbox 209 512 448 553; baseline -0.004 0"><span class='ocrx_word' id='word_1_44' title='bbox 209 513 286 553; x_wconf 74' lang='lat' dir='ltr'>Pa.</span> <span class='ocrx_word' id='word_1_45' title='bbox 326 512 448 552; x_wconf 86' lang='lat' dir='ltr'><strong>Hem.</strong></span> 
     </span>
    </p>

    <p class='ocr_par' dir='ltr' id='par_1_6' title="bbox 44 579 1515 634">
     <span class='ocr_line' id='line_1_7' title="bbox 44 579 1515 634; baseline 0.001 -15"><span class='ocrx_word' id='word_1_46' title='bbox 44 581 120 620; x_wconf 77' lang='lat' dir='ltr'>Cu.</span> <span class='ocrx_word' id='word_1_47' title='bbox 161 580 490 634; x_wconf 70' lang='lat' dir='ltr'>Recipiundum‘?</span> <span class='ocrx_word' id='word_1_48' title='bbox 574 580 656 620; x_wconf 76' lang='lat' dir='ltr'>GN.</span> <span class='ocrx_word' id='word_1_49' title='bbox 697 579 838 632; x_wconf 81' lang='lat' dir='ltr'>Cogita</span> <span class='ocrx_word' id='word_1_50' title='bbox 867 579 1013 620; x_wconf 88' lang='lat' dir='ltr'>modo:</span> <span class='ocrx_word' id='word_1_51' title='bbox 1058 585 1102 620; x_wconf 92' lang='lat' dir='ltr'>tu</span> <span class='ocrx_word' id='word_1_52' title='bbox 1134 579 1270 621; x_wconf 86' lang='lat' dir='ltr'>hercle</span> <span class='ocrx_word' id='word_1_53' title='bbox 1308 594 1401 621; x_wconf 87' lang='lat' dir='ltr'>cum</span> <span class='ocrx_word' id='word_1_54' title='bbox 1434 580 1515 630; x_wconf 86' lang='lat' dir='ltr'>illa,</span> 
     </span>
    </p>
   </div>
   <div class='ocr_carea' id='block_1_3' title="bbox 3 646 1512 2308">
    <p class='ocr_par' dir='ltr' id='par_1_7' title="bbox 3 646 1512 2308">
     <span class='ocr_line' id='line_1_8' title="bbox 207 646 404 695; baseline -0.005 -9"><span class='ocrx_word' id='word_1_55' title='bbox 207 646 404 695; x_wconf 76' lang='lat' dir='ltr'>Phaedria,</span> 
     </span>
     <span class='ocr_line' id='line_1_9' title="bbox 45 709 1114 765; baseline 0.001 -15"><span class='ocrx_word' id='word_1_56' title='bbox 45 709 100 751; x_wconf 89' lang='lat' dir='ltr'>Ut</span> <span class='ocrx_word' id='word_1_57' title='bbox 116 710 286 752; x_wconf 88' lang='lat' dir='ltr'>libenter</span> <span class='ocrx_word' id='word_1_58' title='bbox 302 712 403 752; x_wconf 86' lang='lat' dir='ltr'>vivis</span> <span class='ocrx_word' id='word_1_59' title='bbox 425 713 484 765; x_wconf 92' lang='lat' dir='ltr'>(et</span> <span class='ocrx_word' id='word_1_60' title='bbox 502 711 610 751; x_wconf 88' lang='lat' dir='ltr'>enim</span> <span class='ocrx_word' id='word_1_61' title='bbox 627 711 731 751; x_wconf 89' lang='lat' dir='ltr'>bene</span> <span class='ocrx_word' id='word_1_62' title='bbox 749 710 920 751; x_wconf 86' lang='lat' dir='ltr'>libenter</span> <span class='ocrx_word' id='word_1_63' title='bbox 939 711 1114 763; x_wconf 88' lang='lat' dir='ltr'>victitas)</span> 
     </span>
     <span class='ocr_line' id='line_1_10' title="bbox 43 776 1512 832; baseline 0.001 -14"><span class='ocrx_word' id='word_1_64' title='bbox 43 777 161 823; x_wconf 85' lang='lat' dir='ltr'>Quod</span> <span class='ocrx_word' id='word_1_65' title='bbox 178 779 248 819; x_wconf 86' lang='lat' dir='ltr'>des</span> <span class='ocrx_word' id='word_1_66' title='bbox 265 777 492 832; x_wconf 85' lang='lat' dir='ltr'>paulum&#39;st‚</span> <span class='ocrx_word' id='word_1_67' title='bbox 513 782 554 817; x_wconf 92' lang='lat' dir='ltr'>et</span> <span class='ocrx_word' id='word_1_68' title='bbox 571 790 731 818; x_wconf 88' lang='lat' dir='ltr'>necesse</span> <span class='ocrx_word' id='word_1_69' title='bbox 751 782 821 826; x_wconf 80' lang='lat' dir='ltr'>est,</span> <span class='ocrx_word' id='word_1_70' title='bbox 842 776 1014 816; x_wconf 90' lang='lat' dir='ltr'>multum</span> <span class='ocrx_word' id='word_1_71' title='bbox 1033 777 1213 831; x_wconf 87' lang='lat' dir='ltr'>accipere</span> <span class='ocrx_word' id='word_1_72' title='bbox 1232 777 1441 820; x_wconf 82' lang='lat' dir='ltr'>Thaidem.</span> <span class='ocrx_word' id='word_1_73' title='bbox 1462 781 1512 820; x_wconf 86' lang='lat'>45</span> 
     </span>
     <span class='ocr_line' id='line_1_11' title="bbox 43 843 1118 898; baseline -0.001 -13"><span class='ocrx_word' id='word_1_74' title='bbox 43 844 99 884; x_wconf 88' lang='lat' dir='ltr'>Ut</span> <span class='ocrx_word' id='word_1_75' title='bbox 114 850 183 885; x_wconf 91' lang='lat' dir='ltr'>tuo</span> <span class='ocrx_word' id='word_1_76' title='bbox 203 844 329 885; x_wconf 87' lang='lat' dir='ltr'>amori</span> <span class='ocrx_word' id='word_1_77' title='bbox 347 844 600 898; x_wconf 84' lang='lat' dir='ltr'>suppeditare</span> <span class='ocrx_word' id='word_1_78' title='bbox 618 844 772 898; x_wconf 84' lang='lat' dir='ltr'>possint</span> <span class='ocrx_word' id='word_1_79' title='bbox 790 843 874 883; x_wconf 84' lang='lat' dir='ltr'>sine</span> <span class='ocrx_word' id='word_1_80' title='bbox 895 849 1031 884; x_wconf 85' lang='lat' dir='ltr'>sumtu</span> <span class='ocrx_word' id='word_1_81' title='bbox 1049 850 1118 884; x_wconf 85' lang='lat' dir='ltr'>tuo</span> 
     </span>
     <span class='ocr_line' id='line_1_12' title="bbox 42 911 1265 965; baseline 0.001 -13"><span class='ocrx_word' id='word_1_82' title='bbox 42 912 190 952; x_wconf 88' lang='lat' dir='ltr'>Omnia</span> <span class='ocrx_word' id='word_1_83' title='bbox 207 912 318 961; x_wconf 85' lang='lat' dir='ltr'>haec;</span> <span class='ocrx_word' id='word_1_84' title='bbox 349 911 477 965; x_wconf 86' lang='lat' dir='ltr'>magis</span> <span class='ocrx_word' id='word_1_85' title='bbox 496 916 754 965; x_wconf 82' lang='lat' dir='ltr'>opportunuS‚</span> <span class='ocrx_word' id='word_1_86' title='bbox 775 924 851 951; x_wconf 86' lang='lat' dir='ltr'>nec</span> <span class='ocrx_word' id='word_1_87' title='bbox 871 911 1000 965; x_wconf 79' lang='lat' dir='ltr'>magis</span> <span class='ocrx_word' id='word_1_88' title='bbox 1020 925 1072 952; x_wconf 87' lang='lat' dir='ltr'>ex</span> <span class='ocrx_word' id='word_1_89' title='bbox 1089 926 1165 952; x_wconf 86' lang='lat' dir='ltr'>usu</span> <span class='ocrx_word' id='word_1_90' title='bbox 1184 917 1265 962; x_wconf 89' lang='lat' dir='ltr'>tuo,</span> 
     </span>
     <span class='ocr_line' id='line_1_13' title="bbox 39 977 1387 1032; baseline 0 -13"><span class='ocrx_word' id='word_1_91' title='bbox 39 979 172 1019; x_wconf 87' lang='lat' dir='ltr'>Nemo</span> <span class='ocrx_word' id='word_1_92' title='bbox 191 984 274 1019; x_wconf 84' lang='lat' dir='ltr'>est:</span> <span class='ocrx_word' id='word_1_93' title='bbox 303 978 499 1032; x_wconf 88' lang='lat' dir='ltr'>principio</span> <span class='ocrx_word' id='word_1_94' title='bbox 519 983 560 1018; x_wconf 88' lang='lat' dir='ltr'>et</span> <span class='ocrx_word' id='word_1_95' title='bbox 576 977 698 1017; x_wconf 86' lang='lat' dir='ltr'>habet</span> <span class='ocrx_word' id='word_1_96' title='bbox 716 977 824 1030; x_wconf 90' lang='lat' dir='ltr'>quod</span> <span class='ocrx_word' id='word_1_97' title='bbox 842 977 920 1026; x_wconf 91' lang='lat' dir='ltr'>det,</span> <span class='ocrx_word' id='word_1_98' title='bbox 942 983 982 1017; x_wconf 86' lang='lat' dir='ltr'>et</span> <span class='ocrx_word' id='word_1_99' title='bbox 1000 978 1069 1018; x_wconf 88' lang='lat' dir='ltr'>dat</span> <span class='ocrx_word' id='word_1_100' title='bbox 1087 992 1207 1018; x_wconf 91' lang='lat' dir='ltr'>nemo</span> <span class='ocrx_word' id='word_1_101' title='bbox 1226 979 1387 1032; x_wconf 89' lang='lat' dir='ltr'>largius.</span> 
     </span>
     <span class='ocr_line' id='line_1_14' title="bbox 39 1044 1155 1096; baseline 0 -10"><span class='ocrx_word' id='word_1_102' title='bbox 39 1046 189 1087; x_wconf 80' lang='lat' dir='ltr'>Fatuus</span> <span class='ocrx_word' id='word_1_103' title='bbox 207 1051 279 1096; x_wconf 82' lang='lat' dir='ltr'>est,</span> <span class='ocrx_word' id='word_1_104' title='bbox 299 1046 482 1096; x_wconf 80' lang='lat' dir='ltr'>insulsus,</span> <span class='ocrx_word' id='word_1_105' title='bbox 503 1045 661 1094; x_wconf 81' lang='lat' dir='ltr'>bardus,</span> <span class='ocrx_word' id='word_1_106' title='bbox 682 1044 812 1084; x_wconf 84' lang='lat' dir='ltr'>stertit</span> <span class='ocrx_word' id='word_1_107' title='bbox 829 1051 966 1085; x_wconf 89' lang='lat' dir='ltr'>noctes</span> <span class='ocrx_word' id='word_1_108' title='bbox 985 1051 1026 1085; x_wconf 92' lang='lat' dir='ltr'>et</span> <span class='ocrx_word' id='word_1_109' title='bbox 1044 1046 1128 1086; x_wconf 87' lang='lat' dir='ltr'>dies</span> <span class='ocrx_word' id='word_1_110' title='bbox 1146 1062 1155 1086; x_wconf 90' lang='lat'><strong>:</strong></span> 
     </span>
     <span class='ocr_line' id='line_1_15' title="bbox 39 1111 1511 1167; baseline 0.001 -14"><span class='ocrx_word' id='word_1_111' title='bbox 39 1112 180 1167; x_wconf 91' lang='lat' dir='ltr'>Neque</span> <span class='ocrx_word' id='word_1_112' title='bbox 199 1113 320 1154; x_wconf 84' lang='lat' dir='ltr'>istum</span> <span class='ocrx_word' id='word_1_113' title='bbox 339 1119 505 1162; x_wconf 84' lang='lat' dir='ltr'>metuas,</span> <span class='ocrx_word' id='word_1_114' title='bbox 526 1126 578 1153; x_wconf 88' lang='lat' dir='ltr'>ne</span> <span class='ocrx_word' id='word_1_115' title='bbox 597 1117 706 1152; x_wconf 87' lang='lat' dir='ltr'>amet</span> <span class='ocrx_word' id='word_1_116' title='bbox 722 1111 868 1152; x_wconf 86' lang='lat' dir='ltr'>mulier</span> <span class='ocrx_word' id='word_1_117' title='bbox 884 1127 892 1152; x_wconf 91' lang='lat'>:</span> <span class='ocrx_word' id='word_1_118' title='bbox 923 1112 1039 1153; x_wconf 82' lang='lat' dir='ltr'>facile</span> <span class='ocrx_word' id='word_1_119' title='bbox 1059 1113 1194 1166; x_wconf 85' lang='lat' dir='ltr'>pellas,</span> <span class='ocrx_word' id='word_1_120' title='bbox 1216 1114 1286 1153; x_wconf 91' lang='lat' dir='ltr'>ubi</span> <span class='ocrx_word' id='word_1_121' title='bbox 1305 1114 1416 1154; x_wconf 81' lang='lat' dir='ltr'>velis.</span> <span class='ocrx_word' id='word_1_122' title='bbox 1457 1116 1511 1154; x_wconf 91' lang='lat'>50</span> 
     </span>
     <span class='ocr_line' id='line_1_16' title="bbox 3 1179 1510 1236; baseline 0.003 -18"><span class='ocrx_word' id='word_1_123' title='bbox 3 1215 6 1218; x_wconf 17' lang='grc' dir='ltr'><em>Α</em></span> <span class='ocrx_word' id='word_1_124' title='bbox 39 1179 114 1222; x_wconf 80' lang='lat' dir='ltr'>Cn.</span> <span class='ocrx_word' id='word_1_125' title='bbox 154 1181 262 1227; x_wconf 82' lang='lat' dir='ltr'>Quid</span> <span class='ocrx_word' id='word_1_126' title='bbox 293 1181 479 1234; x_wconf 75' lang='lat' dir='ltr'>agimus?</span> <span class='ocrx_word' id='word_1_127' title='bbox 563 1181 644 1221; x_wconf 66' lang='lat' dir='ltr'>Gn.</span> <span class='ocrx_word' id='word_1_128' title='bbox 685 1180 884 1220; x_wconf 89' lang='lat' dir='ltr'>Praeterea</span> <span class='ocrx_word' id='word_1_129' title='bbox 914 1180 990 1220; x_wconf 89' lang='lat' dir='ltr'>hoc</span> <span class='ocrx_word' id='word_1_130' title='bbox 1025 1180 1158 1230; x_wconf 86' lang='lat' dir='ltr'>etiam,</span> <span class='ocrx_word' id='word_1_131' title='bbox 1195 1182 1303 1236; x_wconf 91' lang='lat' dir='ltr'>quod</span> <span class='ocrx_word' id='word_1_132' title='bbox 1336 1196 1412 1235; x_wconf 92' lang='lat' dir='ltr'>ego</span> <span class='ocrx_word' id='word_1_133' title='bbox 1446 1182 1510 1223; x_wconf 92' lang='lat' dir='ltr'>vel</span> 
     </span>
     <span class='ocr_line' id='line_1_17' title="bbox 198 1249 500 1302; baseline 0 -13"><span class='ocrx_word' id='word_1_134' title='bbox 198 1249 373 1302; x_wconf 88' lang='lat' dir='ltr'>primum</span> <span class='ocrx_word' id='word_1_135' title='bbox 392 1254 500 1302; x_wconf 89' lang='lat' dir='ltr'>put0,</span> 
     </span>
     <span class='ocr_line' id='line_1_18' title="bbox 38 1314 1207 1369; baseline -0.002 -13"><span class='ocrx_word' id='word_1_136' title='bbox 38 1315 198 1369; x_wconf 86' lang='lat' dir='ltr'>Accipit</span> <span class='ocrx_word' id='word_1_137' title='bbox 214 1315 336 1356; x_wconf 91' lang='lat' dir='ltr'>homo</span> <span class='ocrx_word' id='word_1_138' title='bbox 353 1330 474 1356; x_wconf 86' lang='lat' dir='ltr'>nemo</span> <span class='ocrx_word' id='word_1_139' title='bbox 492 1314 635 1355; x_wconf 87' lang='lat' dir='ltr'>melius</span> <span class='ocrx_word' id='word_1_140' title='bbox 652 1328 835 1369; x_wconf 87' lang='lat' dir='ltr'>prorsum</span> <span class='ocrx_word' id='word_1_141' title='bbox 853 1328 984 1368; x_wconf 91' lang='lat' dir='ltr'>neque</span> <span class='ocrx_word' id='word_1_142' title='bbox 1003 1314 1207 1369; x_wconf 86' lang='lat' dir='ltr'>prolixius.</span> 
     </span>
     <span class='ocr_line' id='line_1_19' title="bbox 39 1382 1507 1437; baseline 0.001 -14"><span class='ocrx_word' id='word_1_143' title='bbox 39 1383 114 1423; x_wconf 76' lang='lat' dir='ltr'>Cn.</span> <span class='ocrx_word' id='word_1_144' title='bbox 154 1383 306 1423; x_wconf 87' lang='lat' dir='ltr'>Mirum</span> <span class='ocrx_word' id='word_1_145' title='bbox 324 1383 368 1423; x_wconf 89' lang='lat' dir='ltr'>ni</span> <span class='ocrx_word' id='word_1_146' title='bbox 385 1382 476 1423; x_wconf 88' lang='lat' dir='ltr'>illoc</span> <span class='ocrx_word' id='word_1_147' title='bbox 497 1382 661 1423; x_wconf 84' lang='lat' dir='ltr'>homine</span> <span class='ocrx_word' id='word_1_148' title='bbox 681 1396 842 1436; x_wconf 91' lang='lat' dir='ltr'>quoquo</span> <span class='ocrx_word' id='word_1_149' title='bbox 865 1387 983 1436; x_wconf 88' lang='lat' dir='ltr'>pacto</span> <span class='ocrx_word' id='word_1_150' title='bbox 1012 1383 1172 1437; x_wconf 83' lang='lat' dir='ltr'>opus’st.</span> <span class='ocrx_word' id='word_1_151' title='bbox 1274 1383 1350 1424; x_wconf 75' lang='lat' dir='ltr'>Pu.</span> <span class='ocrx_word' id='word_1_152' title='bbox 1393 1384 1507 1426; x_wconf 86' lang='lat' dir='ltr'>Idem</span> 
     </span>
     <span class='ocr_line' id='line_1_20' title="bbox 199 1451 472 1504; baseline 0.004 -14"><span class='ocrx_word' id='word_1_153' title='bbox 199 1464 275 1504; x_wconf 90' lang='lat' dir='ltr'>ego</span> <span class='ocrx_word' id='word_1_154' title='bbox 294 1451 472 1491; x_wconf 84' lang='lat' dir='ltr'>arbitror.</span> 
     </span>
     <span class='ocr_line' id='line_1_21' title="bbox 37 1516 1506 1571; baseline 0.001 -14"><span class='ocrx_word' id='word_1_155' title='bbox 37 1517 119 1557; x_wconf 71' lang='lat' dir='ltr'>Gn.</span> <span class='ocrx_word' id='word_1_156' title='bbox 140 1516 264 1557; x_wconf 84' lang='lat' dir='ltr'>Recte</span> <span class='ocrx_word' id='word_1_157' title='bbox 283 1517 414 1557; x_wconf 87' lang='lat' dir='ltr'>facitis</span> <span class='ocrx_word' id='word_1_158' title='bbox 430 1531 439 1556; x_wconf 71' lang='grc' dir='ltr'>ε</span> <span class='ocrx_word' id='word_1_159' title='bbox 460 1529 586 1556; x_wconf 90' lang='lat' dir='ltr'>unum</span> <span class='ocrx_word' id='word_1_160' title='bbox 606 1516 726 1556; x_wconf 85' lang='lat' dir='ltr'>etiam</span> <span class='ocrx_word' id='word_1_161' title='bbox 745 1529 815 1556; x_wconf 85' lang='lat' dir='ltr'>vos</span> <span class='ocrx_word' id='word_1_162' title='bbox 834 1529 914 1566; x_wconf 89' lang='lat' dir='ltr'>or0,</span> <span class='ocrx_word' id='word_1_163' title='bbox 934 1521 981 1556; x_wconf 91' lang='lat' dir='ltr'>ut</span> <span class='ocrx_word' id='word_1_164' title='bbox 998 1530 1063 1556; x_wconf 88' lang='lat' dir='ltr'>me</span> <span class='ocrx_word' id='word_1_165' title='bbox 1083 1517 1126 1556; x_wconf 91' lang='lat' dir='ltr'>in</span> <span class='ocrx_word' id='word_1_166' title='bbox 1145 1523 1322 1557; x_wconf 85' lang='lat' dir='ltr'>vostrum</span> <span class='ocrx_word' id='word_1_167' title='bbox 1340 1531 1506 1571; x_wconf 89' lang='lat' dir='ltr'>gregem</span> 
     </span>
     <span class='ocr_line' id='line_1_22' title="bbox 35 1582 1503 1638; baseline 0.001 -15"><span class='ocrx_word' id='word_1_168' title='bbox 35 1583 277 1637; x_wconf 82' lang='lat' dir='ltr'>Recipiatis:</span> <span class='ocrx_word' id='word_1_169' title='bbox 307 1583 402 1623; x_wconf 76' lang='lat' dir='ltr'>satis</span> <span class='ocrx_word' id='word_1_170' title='bbox 421 1583 490 1623; x_wconf 91' lang='lat' dir='ltr'>diu</span> <span class='ocrx_word' id='word_1_171' title='bbox 502 1583 590 1636; x_wconf 89' lang='lat' dir='ltr'>jam</span> <span class='ocrx_word' id='word_1_172' title='bbox 608 1582 684 1622; x_wconf 92' lang='lat' dir='ltr'>hoc</span> <span class='ocrx_word' id='word_1_173' title='bbox 705 1596 845 1622; x_wconf 84' lang='lat' dir='ltr'>saxum</span> <span class='ocrx_word' id='word_1_174' title='bbox 865 1582 992 1622; x_wconf 90' lang='lat' dir='ltr'>volvo.</span> <span class='ocrx_word' id='word_1_175' title='bbox 1071 1583 1148 1623; x_wconf 75' lang='grc' dir='ltr'>ΡΗ.</span> <span class='ocrx_word' id='word_1_176' title='bbox 1180 1584 1425 1638; x_wconf 87' lang='lat' dir='ltr'>Recipimus.</span> <span class='ocrx_word' id='word_1_177' title='bbox 1452 1588 1503 1626; x_wconf 90' lang='lat'>55</span> 
     </span>
     <span class='ocr_line' id='line_1_23' title="bbox 35 1648 1502 1702; baseline 0.001 -12"><span class='ocrx_word' id='word_1_178' title='bbox 35 1649 111 1690; x_wconf 79' lang='lat' dir='ltr'>Cn.</span> <span class='ocrx_word' id='word_1_179' title='bbox 151 1650 212 1690; x_wconf 89' lang='lat' dir='ltr'>Ac</span> <span class='ocrx_word' id='word_1_180' title='bbox 232 1649 413 1690; x_wconf 82' lang='lat' dir='ltr'>libenter.</span> <span class='ocrx_word' id='word_1_181' title='bbox 472 1650 554 1690; x_wconf 68' lang='lat' dir='ltr'>GN.</span> <span class='ocrx_word' id='word_1_182' title='bbox 594 1649 652 1689; x_wconf 92' lang='lat' dir='ltr'>At</span> <span class='ocrx_word' id='word_1_183' title='bbox 671 1662 744 1701; x_wconf 90' lang='lat' dir='ltr'>ego</span> <span class='ocrx_word' id='word_1_184' title='bbox 763 1662 835 1702; x_wconf 90' lang='lat' dir='ltr'>pro</span> <span class='ocrx_word' id='word_1_185' title='bbox 857 1648 943 1697; x_wconf 88' lang='lat' dir='ltr'>isto,</span> <span class='ocrx_word' id='word_1_186' title='bbox 966 1648 1164 1699; x_wconf 79' lang='lat' dir='ltr'>Phaedria,</span> <span class='ocrx_word' id='word_1_187' title='bbox 1188 1655 1228 1689; x_wconf 89' lang='lat' dir='ltr'>et</span> <span class='ocrx_word' id='word_1_188' title='bbox 1247 1655 1302 1699; x_wconf 92' lang='lat' dir='ltr'>tu,</span> <span class='ocrx_word' id='word_1_189' title='bbox 1326 1650 1502 1699; x_wconf 88' lang='lat' dir='ltr'>Chaerea,</span> 
     </span>
     <span class='ocr_line' id='line_1_24' title="bbox 35 1714 1484 1769; baseline 0 -12"><span class='ocrx_word' id='word_1_190' title='bbox 35 1716 158 1757; x_wconf 87' lang='lat' dir='ltr'>Hunc</span> <span class='ocrx_word' id='word_1_191' title='bbox 178 1716 470 1756; x_wconf 88' lang='lat' dir='ltr'>comedendum</span> <span class='ocrx_word' id='word_1_192' title='bbox 490 1721 531 1756; x_wconf 89' lang='lat' dir='ltr'>et</span> <span class='ocrx_word' id='word_1_193' title='bbox 549 1715 811 1755; x_wconf 87' lang='lat' dir='ltr'>deridendum</span> <span class='ocrx_word' id='word_1_194' title='bbox 831 1714 942 1754; x_wconf 89' lang='lat' dir='ltr'>vobis</span> <span class='ocrx_word' id='word_1_195' title='bbox 961 1715 1141 1769; x_wconf 83' lang='lat' dir='ltr'>propino.</span> <span class='ocrx_word' id='word_1_196' title='bbox 1219 1716 1294 1756; x_wconf 76' lang='lat' dir='ltr'>Cn.</span> <span class='ocrx_word' id='word_1_197' title='bbox 1337 1716 1484 1757; x_wconf 79' lang='lat' dir='ltr'>Placet.</span> 
     </span>
     <span class='ocr_line' id='line_1_25' title="bbox 35 1781 1503 1836; baseline 0.001 -13"><span class='ocrx_word' id='word_1_198' title='bbox 35 1783 111 1823; x_wconf 74' lang='lat' dir='ltr'>Pu.</span> <span class='ocrx_word' id='word_1_199' title='bbox 150 1783 310 1836; x_wconf 82' lang='lat' dir='ltr'>Dignus</span> <span class='ocrx_word' id='word_1_200' title='bbox 328 1788 399 1823; x_wconf 82' lang='lat' dir='ltr'>est.</span> <span class='ocrx_word' id='word_1_201' title='bbox 484 1782 566 1822; x_wconf 72' lang='lat' dir='ltr'>Gn.</span> <span class='ocrx_word' id='word_1_202' title='bbox 605 1781 769 1830; x_wconf 83' lang='lat' dir='ltr'>Thraso,</span> <span class='ocrx_word' id='word_1_203' title='bbox 792 1781 862 1821; x_wconf 90' lang='lat' dir='ltr'>ubi</span> <span class='ocrx_word' id='word_1_204' title='bbox 880 1781 940 1821; x_wconf 83' lang='lat' dir='ltr'>vis</span> <span class='ocrx_word' id='word_1_205' title='bbox 965 1782 1121 1821; x_wconf 88' lang='lat' dir='ltr'>accede.</span> <span class='ocrx_word' id='word_1_206' title='bbox 1208 1782 1287 1821; x_wconf 78' lang='grc' dir='ltr'>ΤΗ.</span> <span class='ocrx_word' id='word_1_207' title='bbox 1328 1783 1503 1824; x_wconf 88' lang='lat' dir='ltr'>Obsecro</span> 
     </span>
     <span class='ocr_line' id='line_1_26' title="bbox 195 1849 566 1903; baseline -0.003 -13"><span class='ocrx_word' id='word_1_208' title='bbox 195 1856 246 1900; x_wconf 87' lang='lat' dir='ltr'>te,</span> <span class='ocrx_word' id='word_1_209' title='bbox 268 1850 364 1903; x_wconf 88' lang='lat' dir='ltr'>quid</span> <span class='ocrx_word' id='word_1_210' title='bbox 382 1849 566 1903; x_wconf 81' lang='lat' dir='ltr'>agimus?</span> 
     </span>
     <span class='ocr_line' id='line_1_27' title="bbox 34 1914 1501 1969; baseline -0.001 -11"><span class='ocrx_word' id='word_1_211' title='bbox 34 1918 114 1959; x_wconf 69' lang='lat' dir='ltr'>GN.</span> <span class='ocrx_word' id='word_1_212' title='bbox 153 1917 290 1962; x_wconf 79' lang='lat' dir='ltr'>Quid?</span> <span class='ocrx_word' id='word_1_213' title='bbox 321 1917 387 1957; x_wconf 81' lang='lat' dir='ltr'>isti</span> <span class='ocrx_word' id='word_1_214' title='bbox 405 1923 444 1956; x_wconf 94' lang='lat' dir='ltr'>te</span> <span class='ocrx_word' id='word_1_215' title='bbox 462 1916 725 1969; x_wconf 84' lang='lat' dir='ltr'>ignorabant:</span> <span class='ocrx_word' id='word_1_216' title='bbox 754 1920 965 1968; x_wconf 81' lang='lat' dir='ltr'>postquam</span> <span class='ocrx_word' id='word_1_217' title='bbox 986 1914 1042 1954; x_wconf 88' lang='lat' dir='ltr'>eis</span> <span class='ocrx_word' id='word_1_218' title='bbox 1061 1927 1191 1954; x_wconf 86' lang='lat' dir='ltr'>mores</span> <span class='ocrx_word' id='word_1_219' title='bbox 1212 1915 1369 1955; x_wconf 86' lang='lat' dir='ltr'>ostendi</span> <span class='ocrx_word' id='word_1_220' title='bbox 1388 1921 1475 1956; x_wconf 86' lang='lat' dir='ltr'>tuos</span> <span class='ocrx_word' id='word_1_221' title='bbox 1491 1931 1501 1956; x_wconf 89' lang='lat'>:</span> 
     </span>
     <span class='ocr_line' id='line_1_28' title="bbox 31 1983 1502 2031; baseline -0.001 -6"><span class='ocrx_word' id='word_1_222' title='bbox 31 1985 85 2025; x_wconf 90' lang='lat' dir='ltr'>Et</span> <span class='ocrx_word' id='word_1_223' title='bbox 102 1984 324 2025; x_wconf 84' lang='lat' dir='ltr'>collaudavi</span> <span class='ocrx_word' id='word_1_224' title='bbox 342 1984 562 2024; x_wconf 89' lang='lat' dir='ltr'>seeundum</span> <span class='ocrx_word' id='word_1_225' title='bbox 580 1983 688 2023; x_wconf 87' lang='lat' dir='ltr'>facta</span> <span class='ocrx_word' id='word_1_226' title='bbox 707 1988 747 2022; x_wconf 91' lang='lat' dir='ltr'>et</span> <span class='ocrx_word' id='word_1_227' title='bbox 765 1983 930 2022; x_wconf 87' lang='lat' dir='ltr'>virtutes</span> <span class='ocrx_word' id='word_1_228' title='bbox 949 1988 1049 2031; x_wconf 85' lang='lat' dir='ltr'>tuas,</span> <span class='ocrx_word' id='word_1_229' title='bbox 1449 1987 1502 2024; x_wconf 93' lang='grc'>60</span> 
     </span>
     <span class='ocr_line' id='line_1_29' title="bbox 31 2048 1339 2105; baseline -0.004 -13"><span class='ocrx_word' id='word_1_230' title='bbox 31 2051 259 2105; x_wconf 83' lang='lat' dir='ltr'>Impetravi.</span> <span class='ocrx_word' id='word_1_231' title='bbox 317 2051 397 2090; x_wconf 79' lang='grc' dir='ltr'>ΤΗ.</span> <span class='ocrx_word' id='word_1_232' title='bbox 438 2051 549 2090; x_wconf 89' lang='lat' dir='ltr'>Bene</span> <span class='ocrx_word' id='word_1_233' title='bbox 567 2049 723 2089; x_wconf 83' lang='lat' dir='ltr'>fecisti:</span> <span class='ocrx_word' id='word_1_234' title='bbox 753 2048 924 2102; x_wconf 81' lang='lat' dir='ltr'>gratiam</span> <span class='ocrx_word' id='word_1_235' title='bbox 943 2048 1073 2088; x_wconf 89' lang='lat' dir='ltr'>habeo</span> <span class='ocrx_word' id='word_1_236' title='bbox 1092 2061 1339 2088; x_wconf 87' lang='lat' dir='ltr'>maxumam.</span> 
     </span>
     <span class='ocr_line' id='line_1_30' title="bbox 31 2116 1467 2172; baseline -0.001 -14"><span class='ocrx_word' id='word_1_237' title='bbox 31 2118 250 2172; x_wconf 89' lang='lat' dir='ltr'>Nunquam</span> <span class='ocrx_word' id='word_1_238' title='bbox 269 2117 390 2158; x_wconf 85' lang='lat' dir='ltr'>etiam</span> <span class='ocrx_word' id='word_1_239' title='bbox 407 2117 468 2157; x_wconf 85' lang='lat' dir='ltr'>fui</span> <span class='ocrx_word' id='word_1_240' title='bbox 485 2130 666 2170; x_wconf 84' lang='lat' dir='ltr'>usquam,</span> <span class='ocrx_word' id='word_1_241' title='bbox 688 2116 785 2171; x_wconf 92' lang='lat' dir='ltr'>quin</span> <span class='ocrx_word' id='word_1_242' title='bbox 804 2130 870 2156; x_wconf 91' lang='lat' dir='ltr'>me</span> <span class='ocrx_word' id='word_1_243' title='bbox 890 2129 1028 2155; x_wconf 86' lang='lat' dir='ltr'>omnes</span> <span class='ocrx_word' id='word_1_244' title='bbox 1047 2116 1219 2156; x_wconf 87' lang='lat' dir='ltr'>amarint</span> <span class='ocrx_word' id='word_1_245' title='bbox 1237 2116 1467 2170; x_wconf 89' lang='lat' dir='ltr'>plurimum.</span> 
     </span>
     <span class='ocr_line' id='line_1_31' title="bbox 31 2183 1264 2238; baseline -0.003 -12"><span class='ocrx_word' id='word_1_246' title='bbox 31 2186 112 2226; x_wconf 67' lang='lat' dir='ltr'>Gn.</span> <span class='ocrx_word' id='word_1_247' title='bbox 146 2185 285 2226; x_wconf 85' lang='lat' dir='ltr'>Dixin’</span> <span class='ocrx_word' id='word_1_248' title='bbox 305 2198 380 2238; x_wconf 91' lang='lat' dir='ltr'>ego</span> <span class='ocrx_word' id='word_1_249' title='bbox 398 2185 440 2224; x_wconf 89' lang='lat' dir='ltr'>in</span> <span class='ocrx_word' id='word_1_250' title='bbox 458 2184 536 2224; x_wconf 90' lang='lat' dir='ltr'>hoc</span> <span class='ocrx_word' id='word_1_251' title='bbox 556 2197 641 2224; x_wconf 84' lang='lat' dir='ltr'>esse</span> <span class='ocrx_word' id='word_1_252' title='bbox 661 2184 772 2224; x_wconf 88' lang='lat' dir='ltr'>vobis</span> <span class='ocrx_word' id='word_1_253' title='bbox 793 2184 973 2223; x_wconf 87' lang='lat' dir='ltr'>Atticam</span> <span class='ocrx_word' id='word_1_254' title='bbox 993 2183 1264 2236; x_wconf 76' lang='lat' dir='ltr'>elegantiam?</span> 
     </span>
     <span class='ocr_line' id='line_1_32' title="bbox 29 2250 1498 2308; baseline -0.001 -14"><span class='ocrx_word' id='word_1_255' title='bbox 29 2252 107 2294; x_wconf 74' lang='grc' dir='ltr'>Ρη.</span> <span class='ocrx_word' id='word_1_256' title='bbox 142 2253 212 2294; x_wconf 90' lang='lat' dir='ltr'>Nil</span> <span class='ocrx_word' id='word_1_257' title='bbox 229 2259 375 2308; x_wconf 87' lang='lat' dir='ltr'>praeter</span> <span class='ocrx_word' id='word_1_258' title='bbox 392 2252 632 2308; x_wconf 83' lang='lat' dir='ltr'>promissum</span> <span class='ocrx_word' id='word_1_259' title='bbox 651 2257 731 2292; x_wconf 86' lang='lat' dir='ltr'>est:</span> <span class='ocrx_word' id='word_1_260' title='bbox 760 2251 816 2291; x_wconf 84' lang='lat' dir='ltr'>ite</span> <span class='ocrx_word' id='word_1_261' title='bbox 835 2250 924 2291; x_wconf 87' lang='lat' dir='ltr'>hac.</span> <span class='ocrx_word' id='word_1_262' title='bbox 984 2251 1068 2291; x_wconf 90' lang='lat' dir='ltr'>Vos</span> <span class='ocrx_word' id='word_1_263' title='bbox 1087 2250 1228 2300; x_wconf 89' lang='lat' dir='ltr'>valete,</span> <span class='ocrx_word' id='word_1_264' title='bbox 1251 2255 1291 2291; x_wconf 86' lang='lat' dir='ltr'>et</span> <span class='ocrx_word' id='word_1_265' title='bbox 1308 2250 1498 2305; x_wconf 87' lang='lat' dir='ltr'>plaudite.</span> 
     </span>
    </p>
   </div>
   <div class='ocr_carea' id='block_1_4' title="bbox 729 2940 799 2977">
    <p class='ocr_par' dir='ltr' id='par_1_8' title="bbox 729 2940 799 2977">
     <span class='ocr_line' id='line_1_33' title="bbox 729 2940 799 2977; baseline -0.014 0"><span class='ocrx_word' id='word_1_266' title='bbox 729 2940 799 2977; x_wconf 68' lang='lat'>22</span> 
     </span>
    </p>
   </div>
  </div>
 </body>
</html>
