1670 3080
129 158 224 211 146
736 180 978 211 ADELPHI.

125 267 246 307 Nunc
266 273 406 307 exacta
423 272 539 307 aetate
558 267 634 307 hoc
652 267 771 307 fructi
790 281 862 321 pro
879 267 1012 306 labore
1033 267 1082 306 ab
1101 266 1158 306 eis
1176 267 1272 316 fero,

124 333 297 373 Odium:
328 333 395 373 ille
417 333 516 373 alter
535 334 619 373 sine
639 334 772 373 labore
791 333 919 387 patria
938 334 1086 386 potitur
1105 333 1339 373 commoda:

123 400 245 440 Illum
265 407 403 440 amant
419 415 427 440 :
457 415 522 441 me
542 402 741 455 fugitant:
771 401 828 440 illi
848 401 1016 440 credunt
1034 400 1198 439 consilia
1216 400 1375 440 omnia:

122 467 246 507 Illum
265 469 436 521 diligxmt
452 484 460 508 :
491 470 598 522 apud
616 469 729 509 illum
749 475 841 510 sunt
859 470 988 518 ambo,
1011 482 1090 522 ego.
1104 469 1283 508 desertus
1300 481 1416 508 sum:
1662 519 1665 521 q

121 535 244 574 Illum
259 542 304 575 ut
319 539 427 576 vivat
445 543 594 590 optant,
611 551 743 577 meam
762 543 895 576 autem
915 542 1085 576 mortem
1104 541 1336 589 exspectant
1353 534 1512 576 scilieet.
1532 537 1586 576 20

121 602 186 642 Ita
205 616 272 642 eos
290 617 381 643 meo
400 603 533 644 labore
555 605 715 644 eductos
734 618 935 651 maxumo,
957 603 1022 642 hic
1041 602 1137 642 fecit
1155 615 1246 641 suos
1560 657 1562 659 ‚

121 669 246 709 Paulo
265 676 399 710 sumtu
416 685 425 710 :
455 671 656 711 miseriam
676 685 838 710 omnem
858 685 932 723 ego
953 670 1067 723 capio
1083 684 1092 718 ;
1122 669 1189 709 hic
1207 669 1357 722 potitur
1372 668 1530 722 gaudia.
1566 675 1568 677 ’
1663 666 1665 669 ¹

120 737 210 789 Age
229 750 336 777 nunc
350 737 449 790 jam,
472 739 723 791 experiamur
741 752 858 791 porro
878 743 1027 786 contra,
1050 736 1193 790 ecquid
1211 749 1286 788 ego
1304 735 1476 789 possiem
1662 738 1665 742 ’

120 803 274 844 Blande
294 805 425 845 dicere
445 811 513 845 aut
530 806 703 859 benigne
722 806 864 854 facere,
887 805 1046 858 quando
1064 804 1142 843 huc
1161 808 1362 857 provocat.
1644 858 1647 859 ⁷

120 870 208 923 Ego
228 885 384 925 quoque
404 886 428 911 a
446 873 546 912 meis
563 887 628 912 me
648 873 774 912 amari
793 878 833 912 et
851 873 987 926 magni
1006 872 1127 926 pendi
1145 871 1312 925 postulo.
1530 870 1583 910 25
1646 887 1654 891 ¹

120 936 161 975 Si
179 937 221 976 id
239 937 285 976 fit
303 938 434 977 dando
453 944 571 991 atque
593 939 856 991 obsequendo,
878 953 958 978 non
976 939 1210 992 posteriores
1228 938 1367 979 feram.

119 1003 283 1044 Deerit:
312 1005 355 1045 id
373 1019 463 1046 mea
482 1006 660 1046 minume
679 1006 810 1055 refert,
832 1006 901 1059 qui
920 1020 1008 1046 sum
1026 1011 1124 1045 natu
1141 1018 1366 1045 maxumus.
1380 997 1448 1055 {s

561 1207 740 1248 ACTUS
770 1208 821 1247 V.
881 1207 1063 1247 SCENA
1093 1208 1143 1246 V.

667 1313 814 1352 Snus.
872 1313 1040 1352 Deum.

119 1416 186 1454 Sr.
227 1415 352 1464 Heus,
374 1415 541 1464 Demea,
563 1422 677 1468 rogat
694 1416 825 1465 frater,
846 1430 897 1455 ne
917 1417 1035 1456 abeas
1053 1411 1222 1470 longius.
1634 1454 1636 1459 .

119 1483 198 1522 Da.
239 1483 336 1527 Quis
354 1483 474 1522 homo
489 1484 596 1522 ?—0
618 1484 715 1536 Syre
733 1490 878 1533 noster,
901 1484 1031 1524 salve:
1062 1485 1158 1538 quid
1175 1485 1251 1525 fit?
1278 1484 1376 1538 quid
1397 1484 1560 1538 agitur?

119 1551 186 1590 Sr.
227 1551 363 1590 Recte.
440 1551 520 1590 DE.
552 1551 800 1604 Optume'st!
825 1552 912 1604 jam
933 1566 1038 1592 nunc
1057 1552 1145 1593 haec
1165 1553 1239 1593 tria
1257 1553 1431 1607 primum
1449 1550 1584 1593 addidi

118 1618 269 1657 Praeter
287 1623 483 1666 naturam,
509 1618 543 1658 Ο
562 1624 705 1668 noster,
727 1619 825 1672 quid
829 1621 888 1674 fit
902 1621 921 1659 ?
950 1620 1048 1672 quid
1064 1620 1198 1673 aqitur
1212 1622 1231 1660 ἲ
1637 1612 1641 1656 s

118 1685 285 1724 Servum
303 1684 412 1724 haud
430 1684 663 1725 illiberalem
682 1686 836 1739 praebes
855 1691 894 1726 te
910 1702 919 1726 :
950 1693 991 1726 et
1009 1687 1081 1727 tibi
1556 1688 1581 1726 5
1634 1684 1638 1730 Ῐ

118 1752 280 1791 Lubens
297 1752 400 1791 bene
420 1752 571 1806 faxim„
646 1754 713 1792 SY.
755 1753 940 1793 Gratiam
955 1753 1096 1793 habeo.
1191 1753 1270 1793 Da.
1310 1752 1449 1807 Atqui,
1470 1752 1582 1806 Syre,

118 1818 210 1858 Hoc
230 1819 430 1868 verum'st,
454 1826 494 1859 et
512 1819 598 1873 ipsa
615 1833 658 1859 re
678 1820 880 1873 experiere
898 1821 1144 1875 propediem.
1619 1836 1633 1846 ⁶

544 2018 720 2060 ACTUS
750 2020 801 2059 V.
861 2020 1043 2060 SCENA
1073 2021 1148 2061 VI.

667 2122 799 2161 Gau.
858 2123 985 2162 Dum:
993 2137 1026 2162 Α.

119 2223 196 2264 Gn.
237 2224 360 2272 Hera,
382 2237 457 2277 ego
475 2223 553 2263 huc
573 2224 624 2263 ad
642 2224 714 2263 hos
731 2224 899 2277 proviso,
923 2238 1044 2278 quarn
1062 2237 1159 2267 mox
1175 2224 1373 2278 virginem

116 2291 354 2330 Arcessant:
385 2290 454 2329 sed
473 2304 612 2329 eccum
633 2291 851 2330 Demeam:
881 2290 1010 2330 salvos
1029 2291 1119 2331 sies.
1610 2338 1614 2344 ἱ

116 2357 196 2397 ΒΕ.
236 2357 295 2397 0!
326 2357 395 2410 qui
414 2357 584 2397 vocare?
641 2357 718 2396 Gn.
751 2358 867 2396 Geta.
925 2357 1004 2396 De.
1037 2359 1153 2407 Geta,
1172 2358 1380 2399 hominem
1397 2356 1580 2399 maxumi

117 2424 224 2464 Preti
242 2430 281 2464 te
302 2438 397 2474 esse,
417 2424 535 2464 hodie
550 2424 727 2478 judicavi
746 2425 880 2464 animo
900 2438 990 2464 meo
1007 2439 1016 2464 :
1571 2414 1576 2422 ’
1607 2431 1609 2434 ⁴

115 2491 224 2531 Nam
243 2492 276 2531 is
295 2491 394 2531 mihi
404 2492 589 2545 profecto
608 2496 667 2531 est
686 2504 820 2531 servus
840 2497 1038 2545 spectatus
1058 2492 1164 2541 satis,
1351 2499 1428 2523 *μμ
1445 2535 1448 2538 ,
1550 2494 1611 2532 δ’.

115 2558 191 2598 Cui
209 2559 393 2598 dominus
414 2559 593 2598 curae’st:
622 2558 679 2597 ita
695 2559 754 2597 uti
774 2559 845 2598 tibi
864 2560 979 2608 sensi,
1004 2560 1120 2600 Geta.
1609 2559 1611 2564 ’

116 2624 169 2664 Et
187 2625 259 2664 tibi
278 2626 327 2665 ob
347 2639 436 2665 eam
455 2640 552 2674 rem,
574 2625 703 2679 siquid
721 2639 814 2664 usus
833 2627 999 2674 venerit,

115 2692 277 2731 Lubens
294 2693 397 2731 bene
417 2692 542 2732 faxim
559 2707 568 2732 :
597 2693 767 2732 meditor
786 2707 869 2733 esse
890 2694 1068 2734 affabilis.

114 2760 168 2799 Et
184 2760 286 2799 bene
305 2758 495 2812 procedit.
581 2759 659 2799 Gn.
698 2760 833 2798 Bonus
853 2774 905 2809 es,
928 2775 1019 2800 cum
1037 2761 1124 2801 haec
1144 2760 1372 2803 exisuunan.
1585 2810 1591 2819 ‚⁴

115 2826 194 2874 DE.
233 2826 432 2866 Paulatim
450 2826 608 2880 plebem
626 2826 842 2879 primulum
860 2827 963 2866 facio
982 2841 1127 2868 meam.
1521 2823 1607 2885 1ὺῇὶῂ-
