<?xml version="1.0" encoding="UTF-8"?>
<!DOCTYPE html PUBLIC "-//W3C//DTD XHTML 1.0 Transitional//EN"
    "http://www.w3.org/TR/xhtml1/DTD/xhtml1-transitional.dtd">
<html xmlns="http://www.w3.org/1999/xhtml" xml:lang="en" lang="en">
 <head>
  <title>
</title>
<meta http-equiv="Content-Type" content="text/html;charset=utf-8" />
  <meta name='ocr-system' content='tesseract 3.04.00' />
  <meta name='ocr-capabilities' content='ocr_page ocr_carea ocr_par ocr_line ocrx_word'/>
</head>
<body>
  <div class='ocr_page' id='page_1' title='image "./comoediaesext00tereuoft_0061.png"; bbox 0 0 1670 3080; ppageno 0'>
   <div class='ocr_carea' id='block_1_1' title="bbox 8 2842 11 2850">
    <p class='ocr_par' dir='ltr' id='par_1_1' title="bbox 8 2842 11 2850">
     <span class='ocr_line' id='line_1_1' title="bbox 8 2842 11 2850; baseline 0 0"><span class='ocrx_word' id='word_1_1' title='bbox 8 2842 11 2850; x_wconf 58' lang='lat' dir='ltr'><strong>r</strong></span> 
     </span>
    </p>
   </div>
   <div class='ocr_carea' id='block_1_2' title="bbox 516 104 1529 151">
    <p class='ocr_par' dir='ltr' id='par_1_2' title="bbox 516 104 1529 151">
     <span class='ocr_line' id='line_1_2' title="bbox 516 104 1529 151; baseline 0.001 -1"><span class='ocrx_word' id='word_1_2' title='bbox 516 119 674 151; x_wconf 74' lang='lat' dir='ltr'><strong>Ac&#39;rus</strong></span> <span class='ocrx_word' id='word_1_3' title='bbox 710 119 776 150; x_wconf 82' lang='lat' dir='ltr'><strong>IV.</strong></span> <span class='ocrx_word' id='word_1_4' title='bbox 848 119 1012 151; x_wconf 84' lang='lat' dir='ltr'>SCENA</span> <span class='ocrx_word' id='word_1_5' title='bbox 1048 120 1082 151; x_wconf 90' lang='lat'><strong>1.</strong></span> <span class='ocrx_word' id='word_1_6' title='bbox 1464 104 1529 151; x_wconf 65' lang='lat'><strong>23</strong></span> 
     </span>
    </p>
   </div>
   <div class='ocr_carea' id='block_1_3' title="bbox 62 206 1529 932">
    <p class='ocr_par' dir='ltr' id='par_1_3' title="bbox 63 206 1470 262">
     <span class='ocr_line' id='line_1_3' title="bbox 63 206 1470 262; baseline -0.001 -13"><span class='ocrx_word' id='word_1_7' title='bbox 63 209 125 249; x_wconf 93' lang='lat' dir='ltr'><strong>Mi</strong></span> <span class='ocrx_word' id='word_1_8' title='bbox 143 209 328 262; x_wconf 78' lang='lat' dir='ltr'><strong>obtigisse</strong></span> <span class='ocrx_word' id='word_1_9' title='bbox 343 222 353 256; x_wconf 90' lang='lat'>;</span> <span class='ocrx_word' id='word_1_10' title='bbox 385 206 707 260; x_wconf 89' lang='lat' dir='ltr'><strong>quandoquidem</strong></span> <span class='ocrx_word' id='word_1_11' title='bbox 727 211 810 246; x_wconf 86' lang='lat' dir='ltr'><strong>tam</strong></span> <span class='ocrx_word' id='word_1_12' title='bbox 828 206 946 255; x_wconf 88' lang='lat' dir='ltr'><strong>iners,</strong></span> <span class='ocrx_word' id='word_1_13' title='bbox 970 212 1052 246; x_wconf 88' lang='lat' dir='ltr'><strong>tam</strong></span> <span class='ocrx_word' id='word_1_14' title='bbox 1072 206 1174 246; x_wconf 90' lang='lat' dir='ltr'><strong>nulli</strong></span> <span class='ocrx_word' id='word_1_15' title='bbox 1194 207 1335 247; x_wconf 89' lang='lat' dir='ltr'><strong>consili</strong></span> <span class='ocrx_word' id='word_1_16' title='bbox 1355 221 1444 247; x_wconf 88' lang='lat' dir='ltr'><strong>sum</strong></span> <span class='ocrx_word' id='word_1_17' title='bbox 1462 222 1470 246; x_wconf 91' lang='lat'>:</span> 
     </span>
    </p>

    <p class='ocr_par' dir='ltr' id='par_1_4' title="bbox 63 273 1047 317">
     <span class='ocr_line' id='line_1_4' title="bbox 63 273 1047 317; baseline -0.006 0"><span class='ocrx_word' id='word_1_18' title='bbox 63 277 224 317; x_wconf 86' lang='lat' dir='ltr'><strong>Servon&#39;</strong></span> <span class='ocrx_word' id='word_1_19' title='bbox 242 276 420 315; x_wconf 83' lang='lat' dir='ltr'>fortunas</span> <span class='ocrx_word' id='word_1_20' title='bbox 438 288 548 314; x_wconf 90' lang='lat' dir='ltr'><strong>meas</strong></span> <span class='ocrx_word' id='word_1_21' title='bbox 567 288 632 313; x_wconf 90' lang='lat' dir='ltr'><strong>me</strong></span> <span class='ocrx_word' id='word_1_22' title='bbox 653 274 892 313; x_wconf 82' lang='lat' dir='ltr'><strong>commisisse</strong></span> <span class='ocrx_word' id='word_1_23' title='bbox 913 273 1047 312; x_wconf 83' lang='lat' dir='ltr'><strong>futili?</strong></span> 
     </span>
    </p>

    <p class='ocr_par' dir='ltr' id='par_1_5' title="bbox 62 338 1528 449">
     <span class='ocr_line' id='line_1_5' title="bbox 62 338 1528 396; baseline -0.004 -13"><span class='ocrx_word' id='word_1_24' title='bbox 62 343 158 396; x_wconf 59' lang='lat' dir='ltr'><strong>Ego,</strong></span> <span class='ocrx_word' id='word_1_25' title='bbox 173 342 344 396; x_wconf 90' lang='lat' dir='ltr'><strong>pretium</strong></span> <span class='ocrx_word' id='word_1_26' title='bbox 371 342 421 380; x_wconf 92' lang='lat' dir='ltr'><strong>ob</strong></span> <span class='ocrx_word' id='word_1_27' title='bbox 450 339 656 380; x_wconf 82' lang='lat' dir='ltr'><strong>stultitiam</strong></span> <span class='ocrx_word' id='word_1_28' title='bbox 684 339 791 378; x_wconf 84' lang='lat' dir='ltr'><strong>fero:</strong></span> <span class='ocrx_word' id='word_1_29' title='bbox 822 338 893 378; x_wconf 87' lang='lat' dir='ltr'><strong>sed</strong></span> <span class='ocrx_word' id='word_1_30' title='bbox 915 338 1089 378; x_wconf 85' lang='lat' dir='ltr'><strong>inultum</strong></span> <span class='ocrx_word' id='word_1_31' title='bbox 1111 338 1154 378; x_wconf 90' lang='lat' dir='ltr'><strong>id</strong></span> <span class='ocrx_word' id='word_1_32' title='bbox 1181 352 1392 392; x_wconf 87' lang='lat' dir='ltr'><strong>nunquam</strong></span> <span class='ocrx_word' id='word_1_33' title='bbox 1417 353 1441 378; x_wconf 90' lang='lat' dir='ltr'><strong>a</strong></span> <span class='ocrx_word' id='word_1_34' title='bbox 1463 353 1528 378; x_wconf 88' lang='lat' dir='ltr'><strong>me</strong></span> 
     </span>
     <span class='ocr_line' id='line_1_6' title="bbox 226 410 390 449; baseline -0.012 0"><span class='ocrx_word' id='word_1_35' title='bbox 226 410 390 449; x_wconf 85' lang='lat' dir='ltr'><strong>auferet.</strong></span> 
     </span>
    </p>

    <p class='ocr_par' dir='ltr' id='par_1_6' title="bbox 62 473 1526 584">
     <span class='ocr_line' id='line_1_7' title="bbox 62 473 1524 521; baseline -0.003 -4"><span class='ocrx_word' id='word_1_36' title='bbox 62 478 143 517; x_wconf 58' lang='lat' dir='ltr'><strong>DA.</strong></span> <span class='ocrx_word' id='word_1_37' title='bbox 175 477 343 518; x_wconf 83' lang='lat' dir='ltr'><strong>Posthac</strong></span> <span class='ocrx_word' id='word_1_38' title='bbox 362 474 604 516; x_wconf 89' lang='lat' dir='ltr'><strong>incolumem</strong></span> <span class='ocrx_word' id='word_1_39' title='bbox 624 479 685 514; x_wconf 87' lang='lat' dir='ltr'><strong>sat</strong></span> <span class='ocrx_word' id='word_1_40' title='bbox 702 473 783 514; x_wconf 90' lang='lat' dir='ltr'><strong>scio</strong></span> <span class='ocrx_word' id='word_1_41' title='bbox 801 473 884 513; x_wconf 84' lang='lat' dir='ltr'><strong>fore</strong></span> <span class='ocrx_word' id='word_1_42' title='bbox 906 487 983 521; x_wconf 89' lang='lat' dir='ltr'><strong>me,</strong></span> <span class='ocrx_word' id='word_1_43' title='bbox 1009 487 1117 514; x_wconf 90' lang='lat' dir='ltr'><strong>nunc</strong></span> <span class='ocrx_word' id='word_1_44' title='bbox 1140 473 1173 513; x_wconf 88' lang='lat' dir='ltr'><strong>si</strong></span> <span class='ocrx_word' id='word_1_45' title='bbox 1194 473 1270 513; x_wconf 90' lang='lat' dir='ltr'><strong>hoc</strong></span> <span class='ocrx_word' id='word_1_46' title='bbox 1289 473 1422 514; x_wconf 87' lang='lat' dir='ltr'><strong>devito</strong></span> <span class='ocrx_word' id='word_1_47' title='bbox 1443 488 1524 513; x_wconf 87' lang='lat' dir='ltr'><strong>ma-</strong></span> 
     </span>
     <span class='ocr_line' id='line_1_8' title="bbox 226 545 1526 584; baseline -0.002 0"><span class='ocrx_word' id='word_1_48' title='bbox 226 550 321 584; x_wconf 85' lang='lat' dir='ltr'><strong>lum.</strong></span> <span class='ocrx_word' id='word_1_49' title='bbox 1503 545 1526 581; x_wconf 90' lang='lat'>5</span> 
     </span>
    </p>

    <p class='ocr_par' dir='ltr' id='par_1_7' title="bbox 64 608 1496 666">
     <span class='ocr_line' id='line_1_9' title="bbox 64 608 1496 666; baseline -0.003 -14"><span class='ocrx_word' id='word_1_50' title='bbox 64 612 136 652; x_wconf 60' lang='lat' dir='ltr'><strong>Pi.</strong></span> <span class='ocrx_word' id='word_1_51' title='bbox 167 612 275 652; x_wconf 88' lang='lat' dir='ltr'><strong>Nam</strong></span> <span class='ocrx_word' id='word_1_52' title='bbox 294 611 391 666; x_wconf 88' lang='lat' dir='ltr'><strong>quid</strong></span> <span class='ocrx_word' id='word_1_53' title='bbox 410 624 484 663; x_wconf 87' lang='lat' dir='ltr'><strong>ego</strong></span> <span class='ocrx_word' id='word_1_54' title='bbox 503 623 611 649; x_wconf 92' lang='lat' dir='ltr'><strong>nunc</strong></span> <span class='ocrx_word' id='word_1_55' title='bbox 631 609 761 649; x_wconf 88' lang='lat' dir='ltr'><strong>dicam</strong></span> <span class='ocrx_word' id='word_1_56' title='bbox 780 608 912 662; x_wconf 79' lang='lat' dir='ltr'><strong>patri?</strong></span> <span class='ocrx_word' id='word_1_57' title='bbox 940 609 1138 662; x_wconf 87' lang='lat' dir='ltr'><strong>negabon&#39;</strong></span> <span class='ocrx_word' id='word_1_58' title='bbox 1157 608 1259 648; x_wconf 90' lang='lat' dir='ltr'><strong>velle</strong></span> <span class='ocrx_word' id='word_1_59' title='bbox 1278 622 1356 657; x_wconf 87' lang='lat' dir='ltr'><strong>me,</strong></span> <span class='ocrx_word' id='word_1_60' title='bbox 1377 608 1496 648; x_wconf 89' lang='lat' dir='ltr'><strong>modo</strong></span> 
     </span>
    </p>

    <p class='ocr_par' dir='ltr' id='par_1_8' title="bbox 62 675 1362 730">
     <span class='ocr_line' id='line_1_10' title="bbox 62 675 1362 730; baseline -0.003 -12"><span class='ocrx_word' id='word_1_61' title='bbox 62 679 142 724; x_wconf 85' lang='lat' dir='ltr'><strong>Qui</strong></span> <span class='ocrx_word' id='word_1_62' title='bbox 162 692 249 718; x_wconf 86' lang='lat' dir='ltr'><strong>sum</strong></span> <span class='ocrx_word' id='word_1_63' title='bbox 270 677 467 730; x_wconf 85' lang='lat' dir='ltr'><strong>pollicitus</strong></span> <span class='ocrx_word' id='word_1_64' title='bbox 487 676 660 716; x_wconf 78' lang='lat' dir='ltr'><strong>ducere?</strong></span> <span class='ocrx_word' id='word_1_65' title='bbox 689 689 767 727; x_wconf 89' lang='lat' dir='ltr'><strong>qua</strong></span> <span class='ocrx_word' id='word_1_66' title='bbox 786 675 931 714; x_wconf 82' lang='lat' dir='ltr'><strong>fiducia</strong></span> <span class='ocrx_word' id='word_1_67' title='bbox 950 675 992 714; x_wconf 90' lang='lat' dir='ltr'><strong>id</strong></span> <span class='ocrx_word' id='word_1_68' title='bbox 1009 675 1140 714; x_wconf 89' lang='lat' dir='ltr'><strong>facere</strong></span> <span class='ocrx_word' id='word_1_69' title='bbox 1161 675 1362 715; x_wconf 79' lang='lat' dir='ltr'><strong>audeam?</strong></span> 
     </span>
    </p>

    <p class='ocr_par' dir='ltr' id='par_1_9' title="bbox 64 733 1529 865">
     <span class='ocr_line' id='line_1_11' title="bbox 64 733 1529 798; baseline -0.002 -13"><span class='ocrx_word' id='word_1_70' title='bbox 64 745 161 794; x_wconf 89' lang='lat' dir='ltr'><strong>Nec,</strong></span> <span class='ocrx_word' id='word_1_71' title='bbox 184 745 280 798; x_wconf 91' lang='lat' dir='ltr'><strong>quid</strong></span> <span class='ocrx_word' id='word_1_72' title='bbox 297 758 404 783; x_wconf 87' lang='lat' dir='ltr'><strong>nunc</strong></span> <span class='ocrx_word' id='word_1_73' title='bbox 424 758 489 783; x_wconf 91' lang='lat' dir='ltr'><strong>me</strong></span> <span class='ocrx_word' id='word_1_74' title='bbox 507 733 664 791; x_wconf 73' lang='lat' dir='ltr'><strong>faciam,</strong></span> <span class='ocrx_word' id='word_1_75' title='bbox 686 742 778 782; x_wconf 85' lang='lat' dir='ltr'><strong>scio.</strong></span> <span class='ocrx_word' id='word_1_76' title='bbox 837 742 918 781; x_wconf 80' lang='lat' dir='ltr'><strong>DA.</strong></span> <span class='ocrx_word' id='word_1_77' title='bbox 949 742 1036 782; x_wconf 90' lang='lat' dir='ltr'><strong>Nec</strong></span> <span class='ocrx_word' id='word_1_78' title='bbox 1055 756 1121 783; x_wconf 90' lang='lat' dir='ltr'><strong>me</strong></span> <span class='ocrx_word' id='word_1_79' title='bbox 1141 742 1315 795; x_wconf 90' lang='lat' dir='ltr'><strong>quidem,</strong></span> <span class='ocrx_word' id='word_1_80' title='bbox 1345 747 1463 795; x_wconf 84' lang='lat' dir='ltr'><strong>atque</strong></span> <span class='ocrx_word' id='word_1_81' title='bbox 1487 743 1529 782; x_wconf 81' lang='lat' dir='ltr'><strong>id</strong></span> 
     </span>
     <span class='ocr_line' id='line_1_12' title="bbox 226 811 471 865; baseline -0.012 -12"><span class='ocrx_word' id='word_1_82' title='bbox 226 826 302 865; x_wconf 87' lang='lat' dir='ltr'><strong>ago</strong></span> <span class='ocrx_word' id='word_1_83' title='bbox 322 811 471 852; x_wconf 85' lang='lat' dir='ltr'><strong>sedulo.</strong></span> 
     </span>
    </p>

    <p class='ocr_par' dir='ltr' id='par_1_10' title="bbox 65 877 1525 932">
     <span class='ocr_line' id='line_1_13' title="bbox 65 877 1525 932; baseline -0.001 -12"><span class='ocrx_word' id='word_1_84' title='bbox 65 881 206 920; x_wconf 81' lang='lat' dir='ltr'><strong>Dicam</strong></span> <span class='ocrx_word' id='word_1_85' title='bbox 225 879 376 932; x_wconf 86' lang='lat' dir='ltr'><strong>aliquid</strong></span> <span class='ocrx_word' id='word_1_86' title='bbox 400 891 464 918; x_wconf 91' lang='lat' dir='ltr'><strong>me</strong></span> <span class='ocrx_word' id='word_1_87' title='bbox 490 877 757 926; x_wconf 85' lang='lat' dir='ltr'><strong>inventurum,</strong></span> <span class='ocrx_word' id='word_1_88' title='bbox 787 882 833 916; x_wconf 85' lang='lat' dir='ltr'><strong>ut</strong></span> <span class='ocrx_word' id='word_1_89' title='bbox 856 877 950 918; x_wconf 84' lang='lat' dir='ltr'><strong>huic</strong></span> <span class='ocrx_word' id='word_1_90' title='bbox 974 878 1081 918; x_wconf 85' lang='lat' dir='ltr'><strong>malo</strong></span> <span class='ocrx_word' id='word_1_91' title='bbox 1106 878 1282 932; x_wconf 85' lang='lat' dir='ltr'><strong>aliquam</strong></span> <span class='ocrx_word' id='word_1_92' title='bbox 1307 879 1525 932; x_wconf 86' lang='lat' dir='ltr'><strong>producam</strong></span> 
     </span>
    </p>
   </div>
   <div class='ocr_carea' id='block_1_4' title="bbox 63 960 1531 1122">
    <p class='ocr_par' dir='ltr' id='par_1_11' title="bbox 63 960 1531 1122">
     <span class='ocr_line' id='line_1_14' title="bbox 223 960 389 986; baseline 0 0"><span class='ocrx_word' id='word_1_93' title='bbox 223 960 389 986; x_wconf 87' lang='lat' dir='ltr'><strong>moram.</strong></span> 
     </span>
     <span class='ocr_line' id='line_1_15' title="bbox 63 1013 1531 1069; baseline -0.001 -14"><span class='ocrx_word' id='word_1_94' title='bbox 63 1016 134 1055; x_wconf 72' lang='grc' dir='ltr'><strong>ΡΑ.</strong></span> <span class='ocrx_word' id='word_1_95' title='bbox 166 1014 257 1054; x_wconf 90' lang='lat' dir='ltr'><strong>Oh!</strong></span> <span class='ocrx_word' id='word_1_96' title='bbox 316 1014 396 1053; x_wconf 73' lang='lat' dir='ltr'><strong>DA.</strong></span> <span class='ocrx_word' id='word_1_97' title='bbox 433 1013 552 1052; x_wconf 90' lang='lat' dir='ltr'><strong>Visus</strong></span> <span class='ocrx_word' id='word_1_98' title='bbox 572 1013 686 1052; x_wconf 85' lang='lat' dir='ltr'><strong>sum!</strong></span> <span class='ocrx_word' id='word_1_99' title='bbox 753 1013 826 1052; x_wconf 78' lang='grc' dir='ltr'><strong>ΡΑ.</strong></span> <span class='ocrx_word' id='word_1_100' title='bbox 870 1014 1067 1063; x_wconf 90' lang='lat' dir='ltr'><strong>Ehodum,</strong></span> <span class='ocrx_word' id='word_1_101' title='bbox 1084 1015 1187 1055; x_wconf 91' lang='lat' dir='ltr'><strong>bone</strong></span> <span class='ocrx_word' id='word_1_102' title='bbox 1204 1016 1275 1065; x_wconf 83' lang='lat' dir='ltr'><strong>vir,</strong></span> <span class='ocrx_word' id='word_1_103' title='bbox 1298 1016 1395 1068; x_wconf 91' lang='lat' dir='ltr'><strong>quid</strong></span> <span class='ocrx_word' id='word_1_104' title='bbox 1413 1016 1531 1069; x_wconf 76' lang='lat' dir='ltr'><strong>agis?</strong></span> 
     </span>
     <span class='ocr_line' id='line_1_16' title="bbox 226 1080 1530 1122; baseline -0.003 0"><span class='ocrx_word' id='word_1_105' title='bbox 226 1082 360 1122; x_wconf 88' lang='lat' dir='ltr'><strong>viden’</strong></span> <span class='ocrx_word' id='word_1_106' title='bbox 379 1095 444 1120; x_wconf 91' lang='lat' dir='ltr'><strong>me</strong></span> <span class='ocrx_word' id='word_1_107' title='bbox 465 1080 636 1120; x_wconf 89' lang='lat' dir='ltr'><strong>consiliis</strong></span> <span class='ocrx_word' id='word_1_108' title='bbox 656 1080 733 1120; x_wconf 90' lang='lat' dir='ltr'><strong>tuis</strong></span> <span class='ocrx_word' id='word_1_109' title='bbox 1479 1086 1530 1122; x_wconf 91' lang='lat'><strong>10</strong></span> 
     </span>
    </p>
   </div>
   <div class='ocr_carea' id='block_1_5' title="bbox 64 1148 1541 1267">
    <p class='ocr_par' dir='ltr' id='par_1_12' title="bbox 64 1148 1541 1267">
     <span class='ocr_line' id='line_1_17' title="bbox 64 1148 1530 1203; baseline 0.001 -14"><span class='ocrx_word' id='word_1_110' title='bbox 64 1150 258 1189; x_wconf 88' lang='lat' dir='ltr'><strong>Miserum</strong></span> <span class='ocrx_word' id='word_1_111' title='bbox 277 1148 513 1202; x_wconf 86' lang='lat' dir='ltr'><strong>impeditum</strong></span> <span class='ocrx_word' id='word_1_112' title='bbox 534 1148 648 1187; x_wconf 82' lang='lat' dir='ltr'><strong>esse?</strong></span> <span class='ocrx_word' id='word_1_113' title='bbox 708 1148 788 1187; x_wconf 81' lang='lat' dir='ltr'><strong>DA.</strong></span> <span class='ocrx_word' id='word_1_114' title='bbox 819 1150 877 1188; x_wconf 92' lang='lat' dir='ltr'><strong>At</strong></span> <span class='ocrx_word' id='word_1_115' title='bbox 889 1149 975 1203; x_wconf 87' lang='lat' dir='ltr'><strong>jam</strong></span> <span class='ocrx_word' id='word_1_116' title='bbox 996 1150 1220 1202; x_wconf 85' lang='lat' dir='ltr'><strong>expediam.</strong></span> <span class='ocrx_word' id='word_1_117' title='bbox 1284 1151 1356 1190; x_wconf 78' lang='grc' dir='ltr'><strong>ΡΑ.</strong></span> <span class='ocrx_word' id='word_1_118' title='bbox 1398 1151 1530 1203; x_wconf 89' lang='lat' dir='ltr'><strong>Expe-</strong></span> 
     </span>
     <span class='ocr_line' id='line_1_18' title="bbox 225 1213 1541 1267; baseline -0.001 -13"><span class='ocrx_word' id='word_1_119' title='bbox 225 1215 337 1254; x_wconf 76' lang='lat' dir='ltr'><strong>dies?</strong></span> <span class='ocrx_word' id='word_1_120' title='bbox 393 1214 472 1253; x_wconf 78' lang='lat' dir='ltr'><strong>DA.</strong></span> <span class='ocrx_word' id='word_1_121' title='bbox 505 1214 631 1262; x_wconf 86' lang='lat' dir='ltr'><strong>Certe,</strong></span> <span class='ocrx_word' id='word_1_122' title='bbox 655 1213 876 1267; x_wconf 85' lang='lat' dir='ltr'><strong>Pamphile.</strong></span> <span class='ocrx_word' id='word_1_123' title='bbox 1539 1224 1541 1227; x_wconf 84' lang='grc'><strong><em>·</em></strong></span> 
     </span>
    </p>
   </div>
   <div class='ocr_carea' id='block_1_6' title="bbox 66 1281 1530 1399">
    <p class='ocr_par' dir='ltr' id='par_1_13' title="bbox 66 1281 1530 1399">
     <span class='ocr_line' id='line_1_19' title="bbox 66 1281 1530 1336; baseline 0.001 -16"><span class='ocrx_word' id='word_1_124' title='bbox 66 1282 137 1320; x_wconf 74' lang='grc' dir='ltr'><strong>ΡΑ.</strong></span> <span class='ocrx_word' id='word_1_125' title='bbox 169 1281 325 1334; x_wconf 88' lang='lat' dir='ltr'><strong>Nempe</strong></span> <span class='ocrx_word' id='word_1_126' title='bbox 343 1285 389 1319; x_wconf 82' lang='lat' dir='ltr'><strong>ut</strong></span> <span class='ocrx_word' id='word_1_127' title='bbox 405 1281 536 1320; x_wconf 90' lang='lat' dir='ltr'><strong>modo.</strong></span> <span class='ocrx_word' id='word_1_128' title='bbox 608 1281 687 1319; x_wconf 76' lang='lat' dir='ltr'><strong>DA.</strong></span> <span class='ocrx_word' id='word_1_129' title='bbox 733 1281 864 1321; x_wconf 91' lang='lat' dir='ltr'><strong>Immo</strong></span> <span class='ocrx_word' id='word_1_130' title='bbox 883 1281 1025 1321; x_wconf 87' lang='lat' dir='ltr'><strong>melius</strong></span> <span class='ocrx_word' id='word_1_131' title='bbox 1048 1296 1174 1336; x_wconf 87' lang='lat' dir='ltr'><strong>spero.</strong></span> <span class='ocrx_word' id='word_1_132' title='bbox 1247 1283 1319 1322; x_wconf 78' lang='grc' dir='ltr'><strong>ΡΑ.</strong></span> <span class='ocrx_word' id='word_1_133' title='bbox 1351 1283 1428 1332; x_wconf 89' lang='lat' dir='ltr'><strong>Oh,</strong></span> <span class='ocrx_word' id='word_1_134' title='bbox 1460 1283 1530 1322; x_wconf 90' lang='lat' dir='ltr'><strong>tibi</strong></span> 
     </span>
     <span class='ocr_line' id='line_1_20' title="bbox 227 1347 768 1399; baseline 0 -13"><span class='ocrx_word' id='word_1_135' title='bbox 227 1361 302 1399; x_wconf 87' lang='lat' dir='ltr'><strong>ego</strong></span> <span class='ocrx_word' id='word_1_136' title='bbox 320 1352 366 1386; x_wconf 91' lang='lat' dir='ltr'><strong>ut</strong></span> <span class='ocrx_word' id='word_1_137' title='bbox 383 1347 554 1395; x_wconf 85' lang='lat' dir='ltr'><strong>credam,</strong></span> <span class='ocrx_word' id='word_1_138' title='bbox 575 1347 768 1386; x_wconf 76' lang='lat' dir='ltr'><strong>furcifer?</strong></span> 
     </span>
    </p>
   </div>
   <div class='ocr_carea' id='block_1_7' title="bbox 65 1412 1533 1936">
    <p class='ocr_par' dir='ltr' id='par_1_14' title="bbox 65 1412 1496 1470">
     <span class='ocr_line' id='line_1_21' title="bbox 65 1412 1496 1470; baseline 0.002 -17"><span class='ocrx_word' id='word_1_139' title='bbox 65 1413 129 1453; x_wconf 86' lang='lat' dir='ltr'><strong>Tu</strong></span> <span class='ocrx_word' id='word_1_140' title='bbox 150 1427 236 1453; x_wconf 89' lang='lat' dir='ltr'><strong>rem</strong></span> <span class='ocrx_word' id='word_1_141' title='bbox 254 1412 487 1465; x_wconf 86' lang='lat' dir='ltr'><strong>impeditam</strong></span> <span class='ocrx_word' id='word_1_142' title='bbox 507 1419 547 1452; x_wconf 90' lang='lat' dir='ltr'><strong>et</strong></span> <span class='ocrx_word' id='word_1_143' title='bbox 564 1413 761 1466; x_wconf 85' lang='lat' dir='ltr'><strong>perditam</strong></span> <span class='ocrx_word' id='word_1_144' title='bbox 779 1414 988 1455; x_wconf 80' lang='lat' dir='ltr'><strong>restituas?</strong></span> <span class='ocrx_word' id='word_1_145' title='bbox 1015 1415 1109 1455; x_wconf 87' lang='lat' dir='ltr'><strong>hem</strong></span> <span class='ocrx_word' id='word_1_146' title='bbox 1125 1416 1135 1455; x_wconf 82' lang='lat' dir='ltr'><strong>l</strong></span> <span class='ocrx_word' id='word_1_147' title='bbox 1165 1430 1244 1470; x_wconf 90' lang='lat' dir='ltr'><strong>quo</strong></span> <span class='ocrx_word' id='word_1_148' title='bbox 1262 1417 1387 1456; x_wconf 87' lang='lat' dir='ltr'><strong>fretus</strong></span> <span class='ocrx_word' id='word_1_149' title='bbox 1407 1417 1496 1465; x_wconf 81' lang='lat' dir='ltr'><strong>sim,</strong></span> 
     </span>
    </p>

    <p class='ocr_par' dir='ltr' id='par_1_15' title="bbox 67 1479 1310 1538">
     <span class='ocr_line' id='line_1_22' title="bbox 67 1479 1310 1538; baseline 0.002 -18"><span class='ocrx_word' id='word_1_150' title='bbox 67 1481 147 1526; x_wconf 84' lang='lat' dir='ltr'><strong>Qui</strong></span> <span class='ocrx_word' id='word_1_151' title='bbox 165 1495 230 1520; x_wconf 91' lang='lat' dir='ltr'><strong>me</strong></span> <span class='ocrx_word' id='word_1_152' title='bbox 247 1480 364 1519; x_wconf 88' lang='lat' dir='ltr'><strong>hodie</strong></span> <span class='ocrx_word' id='word_1_153' title='bbox 385 1494 435 1519; x_wconf 89' lang='lat' dir='ltr'><strong>ex</strong></span> <span class='ocrx_word' id='word_1_154' title='bbox 454 1479 776 1538; x_wconf 86' lang='lat' dir='ltr'><strong>tranquillissima</strong></span> <span class='ocrx_word' id='word_1_155' title='bbox 794 1495 836 1520; x_wconf 90' lang='lat' dir='ltr'><strong>re</strong></span> <span class='ocrx_word' id='word_1_156' title='bbox 857 1482 1058 1534; x_wconf 86' lang='lat' dir='ltr'><strong>conjecisti</strong></span> <span class='ocrx_word' id='word_1_157' title='bbox 1077 1483 1118 1521; x_wconf 90' lang='lat' dir='ltr'><strong>in</strong></span> <span class='ocrx_word' id='word_1_158' title='bbox 1138 1483 1310 1536; x_wconf 86' lang='lat' dir='ltr'><strong>nuptias.</strong></span> 
     </span>
    </p>

    <p class='ocr_par' dir='ltr' id='par_1_16' title="bbox 68 1547 1533 1657">
     <span class='ocr_line' id='line_1_23' title="bbox 68 1547 1533 1594; baseline 0 -5"><span class='ocrx_word' id='word_1_159' title='bbox 68 1551 217 1590; x_wconf 88' lang='lat' dir='ltr'><strong>Annon</strong></span> <span class='ocrx_word' id='word_1_160' title='bbox 238 1548 321 1588; x_wconf 86' lang='lat' dir='ltr'><strong>dixi</strong></span> <span class='ocrx_word' id='word_1_161' title='bbox 349 1561 432 1587; x_wconf 88' lang='lat' dir='ltr'><strong>esse</strong></span> <span class='ocrx_word' id='word_1_162' title='bbox 461 1547 535 1586; x_wconf 90' lang='lat' dir='ltr'><strong>hoc</strong></span> <span class='ocrx_word' id='word_1_163' title='bbox 563 1547 771 1586; x_wconf 74' lang='lat' dir='ltr'><strong>futurum?</strong></span> <span class='ocrx_word' id='word_1_164' title='bbox 854 1548 934 1587; x_wconf 83' lang='lat' dir='ltr'><strong>DA.</strong></span> <span class='ocrx_word' id='word_1_165' title='bbox 965 1549 1089 1588; x_wconf 86' lang='lat' dir='ltr'><strong>Dixti.</strong></span> <span class='ocrx_word' id='word_1_166' title='bbox 1167 1550 1239 1589; x_wconf 77' lang='grc' dir='ltr'><strong>ΡΑ.</strong></span> <span class='ocrx_word' id='word_1_167' title='bbox 1280 1550 1387 1594; x_wconf 84' lang='lat' dir='ltr'><strong>Quid</strong></span> <span class='ocrx_word' id='word_1_168' title='bbox 1414 1550 1533 1589; x_wconf 87' lang='lat' dir='ltr'><strong>meri-</strong></span> 
     </span>
     <span class='ocr_line' id='line_1_24' title="bbox 229 1615 1530 1657; baseline 0.002 -2"><span class='ocrx_word' id='word_1_169' title='bbox 229 1621 291 1655; x_wconf 86' lang='lat' dir='ltr'><strong>tus</strong></span> <span class='ocrx_word' id='word_1_170' title='bbox 310 1615 367 1654; x_wconf 82' lang='lat' dir='ltr'><strong>&#39;s?</strong></span> <span class='ocrx_word' id='word_1_171' title='bbox 434 1615 514 1654; x_wconf 74' lang='lat' dir='ltr'><strong>DA.</strong></span> <span class='ocrx_word' id='word_1_172' title='bbox 553 1615 733 1656; x_wconf 85' lang='lat' dir='ltr'><strong>Crucem.</strong></span> <span class='ocrx_word' id='word_1_173' title='bbox 1482 1620 1530 1657; x_wconf 85' lang='lat'><strong>15</strong></span> 
     </span>
    </p>

    <p class='ocr_par' dir='ltr' id='par_1_17' title="bbox 70 1680 1528 1788">
     <span class='ocr_line' id='line_1_25' title="bbox 70 1680 1528 1736; baseline 0 -13"><span class='ocrx_word' id='word_1_174' title='bbox 70 1683 148 1723; x_wconf 88' lang='lat' dir='ltr'><strong>Sed</strong></span> <span class='ocrx_word' id='word_1_175' title='bbox 169 1682 252 1722; x_wconf 84' lang='lat' dir='ltr'><strong>sine</strong></span> <span class='ocrx_word' id='word_1_176' title='bbox 275 1680 481 1735; x_wconf 77' lang='lat' dir='ltr'><strong>paululum</strong></span> <span class='ocrx_word' id='word_1_177' title='bbox 505 1681 556 1721; x_wconf 88' lang='lat' dir='ltr'><strong>ad</strong></span> <span class='ocrx_word' id='word_1_178' title='bbox 582 1694 647 1720; x_wconf 90' lang='lat' dir='ltr'><strong>me</strong></span> <span class='ocrx_word' id='word_1_179' title='bbox 673 1681 860 1720; x_wconf 90' lang='lat' dir='ltr'><strong>redeam:</strong></span> <span class='ocrx_word' id='word_1_180' title='bbox 885 1681 972 1734; x_wconf 89' lang='lat' dir='ltr'><strong>jam</strong></span> <span class='ocrx_word' id='word_1_181' title='bbox 1000 1682 1150 1735; x_wconf 85' lang='lat' dir='ltr'><strong>aliquid</strong></span> <span class='ocrx_word' id='word_1_182' title='bbox 1178 1683 1396 1736; x_wconf 88' lang='lat' dir='ltr'><strong>dispiciam.</strong></span> <span class='ocrx_word' id='word_1_183' title='bbox 1457 1684 1528 1722; x_wconf 79' lang='grc' dir='ltr'><strong>ΡΑ.</strong></span> 
     </span>
     <span class='ocr_line' id='line_1_26' title="bbox 233 1749 458 1788; baseline -0.004 0"><span class='ocrx_word' id='word_1_184' title='bbox 233 1749 315 1788; x_wconf 86' lang='lat' dir='ltr'><strong>Hei</strong></span> <span class='ocrx_word' id='word_1_185' title='bbox 333 1749 432 1788; x_wconf 88' lang='lat' dir='ltr'><strong>mihi</strong></span> <span class='ocrx_word' id='word_1_186' title='bbox 449 1749 458 1787; x_wconf 80' lang='lat' dir='ltr'><strong>l</strong></span> 
     </span>
    </p>

    <p class='ocr_par' dir='ltr' id='par_1_18' title="bbox 71 1815 1459 1869">
     <span class='ocr_line' id='line_1_27' title="bbox 71 1815 1459 1869; baseline -0.001 -13"><span class='ocrx_word' id='word_1_187' title='bbox 71 1818 172 1856; x_wconf 90' lang='lat' dir='ltr'><strong>Cum</strong></span> <span class='ocrx_word' id='word_1_188' title='bbox 191 1829 272 1855; x_wconf 90' lang='lat' dir='ltr'><strong>non</strong></span> <span class='ocrx_word' id='word_1_189' title='bbox 291 1816 418 1855; x_wconf 86' lang='lat' dir='ltr'><strong>habeo</strong></span> <span class='ocrx_word' id='word_1_190' title='bbox 438 1816 619 1869; x_wconf 87' lang='lat' dir='ltr'><strong>spatium,</strong></span> <span class='ocrx_word' id='word_1_191' title='bbox 641 1821 686 1854; x_wconf 89' lang='lat' dir='ltr'><strong>ut</strong></span> <span class='ocrx_word' id='word_1_192' title='bbox 704 1815 753 1855; x_wconf 86' lang='lat' dir='ltr'><strong>de</strong></span> <span class='ocrx_word' id='word_1_193' title='bbox 773 1821 811 1855; x_wconf 88' lang='lat' dir='ltr'><strong>te</strong></span> <span class='ocrx_word' id='word_1_194' title='bbox 832 1830 988 1855; x_wconf 88' lang='lat' dir='ltr'><strong>sumam</strong></span> <span class='ocrx_word' id='word_1_195' title='bbox 1008 1816 1256 1869; x_wconf 90' lang='lat' dir='ltr'><strong>supplicium,</strong></span> <span class='ocrx_word' id='word_1_196' title='bbox 1279 1822 1325 1856; x_wconf 88' lang='lat' dir='ltr'><strong>ut</strong></span> <span class='ocrx_word' id='word_1_197' title='bbox 1344 1816 1433 1855; x_wconf 93' lang='lat' dir='ltr'><strong>volo</strong></span> <span class='ocrx_word' id='word_1_198' title='bbox 1452 1831 1459 1855; x_wconf 94' lang='lat'>:</span> 
     </span>
    </p>

    <p class='ocr_par' dir='ltr' id='par_1_19' title="bbox 71 1882 1475 1936">
     <span class='ocr_line' id='line_1_28' title="bbox 71 1882 1475 1936; baseline -0.001 -13"><span class='ocrx_word' id='word_1_199' title='bbox 71 1883 256 1936; x_wconf 89' lang='lat' dir='ltr'><strong>Namque</strong></span> <span class='ocrx_word' id='word_1_200' title='bbox 274 1882 350 1922; x_wconf 91' lang='lat' dir='ltr'><strong>hoc</strong></span> <span class='ocrx_word' id='word_1_201' title='bbox 369 1889 536 1936; x_wconf 79' lang='lat' dir='ltr'><strong>tempuS‚</strong></span> <span class='ocrx_word' id='word_1_202' title='bbox 557 1896 781 1935; x_wconf 86' lang='lat' dir='ltr'><strong>praecavere</strong></span> <span class='ocrx_word' id='word_1_203' title='bbox 799 1882 899 1924; x_wconf 81' lang='lat' dir='ltr'><strong>mihi</strong></span> <span class='ocrx_word' id='word_1_204' title='bbox 917 1896 994 1930; x_wconf 91' lang='lat' dir='ltr'><strong>me,</strong></span> <span class='ocrx_word' id='word_1_205' title='bbox 1016 1882 1125 1922; x_wconf 89' lang='lat' dir='ltr'><strong>haud</strong></span> <span class='ocrx_word' id='word_1_206' title='bbox 1144 1888 1183 1922; x_wconf 89' lang='lat' dir='ltr'><strong>te</strong></span> <span class='ocrx_word' id='word_1_207' title='bbox 1201 1882 1350 1932; x_wconf 82' lang='lat' dir='ltr'><strong>ulcisci,</strong></span> <span class='ocrx_word' id='word_1_208' title='bbox 1372 1883 1475 1922; x_wconf 88' lang='lat' dir='ltr'><strong>sinit.</strong></span> 
     </span>
    </p>
   </div>
   <div class='ocr_carea' id='block_1_8' title="bbox 502 2079 1090 2121">
    <p class='ocr_par' dir='ltr' id='par_1_20' title="bbox 502 2079 1090 2121">
     <span class='ocr_line' id='line_1_29' title="bbox 502 2079 1090 2121; baseline 0.005 -3"><span class='ocrx_word' id='word_1_209' title='bbox 502 2079 678 2119; x_wconf 92' lang='lat' dir='ltr'>ACTUS</span> <span class='ocrx_word' id='word_1_210' title='bbox 709 2080 784 2119; x_wconf 92' lang='lat' dir='ltr'><strong>IV.</strong></span> <span class='ocrx_word' id='word_1_211' title='bbox 844 2080 1026 2121; x_wconf 87' lang='lat' dir='ltr'><strong>SCENA</strong></span> <span class='ocrx_word' id='word_1_212' title='bbox 1057 2082 1090 2121; x_wconf 86' lang='lat'><strong>1.</strong></span> 
     </span>
    </p>
   </div>
   <div class='ocr_carea' id='block_1_9' title="bbox 421 2175 1186 2215">
    <p class='ocr_par' dir='ltr' id='par_1_21' title="bbox 421 2175 1186 2215">
     <span class='ocr_line' id='line_1_30' title="bbox 421 2175 1186 2215; baseline -0.001 0"><span class='ocrx_word' id='word_1_213' title='bbox 421 2177 653 2215; x_wconf 68' lang='lat' dir='ltr'><strong>CuAamus.</strong></span> <span class='ocrx_word' id='word_1_214' title='bbox 711 2175 972 2214; x_wconf 76' lang='lat' dir='ltr'><strong>PAMPfflLus.</strong></span> <span class='ocrx_word' id='word_1_215' title='bbox 1031 2175 1186 2215; x_wconf 80' lang='lat' dir='ltr'><strong>DAvus.</strong></span> 
     </span>
    </p>
   </div>
   <div class='ocr_carea' id='block_1_10' title="bbox 74 2276 1535 2799">
    <p class='ocr_par' dir='ltr' id='par_1_22' title="bbox 74 2276 966 2326">
     <span class='ocr_line' id='line_1_31' title="bbox 74 2276 966 2326; baseline -0.008 -4"><span class='ocrx_word' id='word_1_216' title='bbox 74 2283 148 2323; x_wconf 73' lang='lat' dir='ltr'><strong>Cn.</strong></span> <span class='ocrx_word' id='word_1_217' title='bbox 180 2281 359 2320; x_wconf 89' lang='lat' dir='ltr'><strong>Hoccine</strong></span> <span class='ocrx_word' id='word_1_218' title='bbox 380 2278 578 2326; x_wconf 84' lang='lat' dir='ltr'><strong>credibile,</strong></span> <span class='ocrx_word' id='word_1_219' title='bbox 601 2283 670 2316; x_wconf 89' lang='lat' dir='ltr'><strong>aut</strong></span> <span class='ocrx_word' id='word_1_220' title='bbox 687 2276 966 2324; x_wconf 86' lang='lat' dir='ltr'><strong>memorabile;</strong></span> 
     </span>
    </p>

    <p class='ocr_par' dir='ltr' id='par_1_23' title="bbox 76 2344 940 2396">
     <span class='ocr_line' id='line_1_32' title="bbox 76 2344 940 2396; baseline -0.008 -7"><span class='ocrx_word' id='word_1_221' title='bbox 76 2348 207 2389; x_wconf 86' lang='lat' dir='ltr'><strong>Tanta</strong></span> <span class='ocrx_word' id='word_1_222' title='bbox 226 2347 409 2387; x_wconf 80' lang='lat' dir='ltr'><strong>vecordia</strong></span> <span class='ocrx_word' id='word_1_223' title='bbox 427 2347 566 2385; x_wconf 88' lang='lat' dir='ltr'><strong>innata</strong></span> <span class='ocrx_word' id='word_1_224' title='bbox 585 2344 771 2396; x_wconf 87' lang='lat' dir='ltr'><strong>cuiquam</strong></span> <span class='ocrx_word' id='word_1_225' title='bbox 790 2349 836 2383; x_wconf 89' lang='lat' dir='ltr'><strong>ut</strong></span> <span class='ocrx_word' id='word_1_226' title='bbox 855 2344 940 2392; x_wconf 87' lang='lat' dir='ltr'><strong>siet,</strong></span> 
     </span>
    </p>

    <p class='ocr_par' dir='ltr' id='par_1_24' title="bbox 75 2410 976 2467">
     <span class='ocr_line' id='line_1_33' title="bbox 75 2410 976 2467; baseline -0.008 -12"><span class='ocrx_word' id='word_1_227' title='bbox 75 2415 130 2455; x_wconf 87' lang='lat' dir='ltr'><strong>Ut</strong></span> <span class='ocrx_word' id='word_1_228' title='bbox 147 2414 261 2455; x_wconf 88' lang='lat' dir='ltr'><strong>malis</strong></span> <span class='ocrx_word' id='word_1_229' title='bbox 279 2413 490 2467; x_wconf 86' lang='lat' dir='ltr'><strong>gaudeant,</strong></span> <span class='ocrx_word' id='word_1_230' title='bbox 508 2417 626 2463; x_wconf 86' lang='lat' dir='ltr'><strong>atque</strong></span> <span class='ocrx_word' id='word_1_231' title='bbox 646 2424 698 2449; x_wconf 87' lang='lat' dir='ltr'><strong>ex</strong></span> <span class='ocrx_word' id='word_1_232' title='bbox 715 2410 976 2449; x_wconf 86' lang='lat' dir='ltr'><strong>incommodis</strong></span> 
     </span>
    </p>

    <p class='ocr_par' dir='ltr' id='par_1_25' title="bbox 76 2477 1009 2532">
     <span class='ocr_line' id='line_1_34' title="bbox 76 2477 1009 2532; baseline -0.008 -10"><span class='ocrx_word' id='word_1_233' title='bbox 76 2482 249 2523; x_wconf 85' lang='lat' dir='ltr'><strong>Alterius</strong></span> <span class='ocrx_word' id='word_1_234' title='bbox 268 2495 338 2521; x_wconf 86' lang='lat' dir='ltr'><strong>sua</strong></span> <span class='ocrx_word' id='word_1_235' title='bbox 356 2486 402 2519; x_wconf 85' lang='lat' dir='ltr'><strong>ut</strong></span> <span class='ocrx_word' id='word_1_236' title='bbox 421 2483 651 2532; x_wconf 82' lang='lat' dir='ltr'><strong>comparent</strong></span> <span class='ocrx_word' id='word_1_237' title='bbox 670 2477 908 2516; x_wconf 80' lang='lat' dir='ltr'><strong>commoda?</strong></span> <span class='ocrx_word' id='word_1_238' title='bbox 936 2477 1009 2516; x_wconf 84' lang='lat' dir='ltr'><strong>ah!</strong></span> 
     </span>
    </p>

    <p class='ocr_par' dir='ltr' id='par_1_26' title="bbox 77 2543 1535 2668">
     <span class='ocr_line' id='line_1_35' title="bbox 77 2543 1535 2598; baseline -0.003 -9"><span class='ocrx_word' id='word_1_239' title='bbox 77 2548 176 2589; x_wconf 89' lang='lat' dir='ltr'><strong>Idne</strong></span> <span class='ocrx_word' id='word_1_240' title='bbox 197 2554 256 2588; x_wconf 88' lang='lat' dir='ltr'><strong>est</strong></span> <span class='ocrx_word' id='word_1_241' title='bbox 274 2547 441 2587; x_wconf 77' lang='lat' dir='ltr'><strong>verum?</strong></span> <span class='ocrx_word' id='word_1_242' title='bbox 468 2547 592 2585; x_wconf 86' lang='lat' dir='ltr'><strong>immo</strong></span> <span class='ocrx_word' id='word_1_243' title='bbox 610 2545 652 2584; x_wconf 90' lang='lat' dir='ltr'><strong>id</strong></span> <span class='ocrx_word' id='word_1_244' title='bbox 671 2550 730 2583; x_wconf 86' lang='lat' dir='ltr'><strong>est</strong></span> <span class='ocrx_word' id='word_1_245' title='bbox 747 2558 874 2597; x_wconf 90' lang='lat' dir='ltr'><strong>genus</strong></span> <span class='ocrx_word' id='word_1_246' title='bbox 892 2543 1101 2584; x_wconf 84' lang='lat' dir='ltr'><strong>hominum</strong></span> <span class='ocrx_word' id='word_1_247' title='bbox 1119 2558 1362 2598; x_wconf 85' lang='lat' dir='ltr'><strong>pessumum,</strong></span> <span class='ocrx_word' id='word_1_248' title='bbox 1385 2545 1426 2584; x_wconf 87' lang='lat' dir='ltr'><strong>in</strong></span> <span class='ocrx_word' id='word_1_249' title='bbox 1511 2548 1535 2585; x_wconf 85' lang='lat'>5</span> 
     </span>
     <span class='ocr_line' id='line_1_36' title="bbox 77 2610 1049 2668; baseline -0.007 -12"><span class='ocrx_word' id='word_1_250' title='bbox 77 2615 323 2668; x_wconf 89' lang='lat' dir='ltr'><strong>Denegando</strong></span> <span class='ocrx_word' id='word_1_251' title='bbox 341 2614 460 2654; x_wconf 92' lang='lat' dir='ltr'><strong>modo</strong></span> <span class='ocrx_word' id='word_1_252' title='bbox 480 2613 566 2666; x_wconf 87' lang='lat' dir='ltr'><strong>quis</strong></span> <span class='ocrx_word' id='word_1_253' title='bbox 584 2612 711 2665; x_wconf 90' lang='lat' dir='ltr'><strong>pudor</strong></span> <span class='ocrx_word' id='word_1_254' title='bbox 729 2610 894 2664; x_wconf 88' lang='lat' dir='ltr'><strong>paulum</strong></span> <span class='ocrx_word' id='word_1_255' title='bbox 914 2611 1025 2650; x_wconf 84' lang='lat' dir='ltr'><strong>adest</strong></span> <span class='ocrx_word' id='word_1_256' title='bbox 1041 2625 1049 2650; x_wconf 92' lang='lat'>:</span> 
     </span>
    </p>

    <p class='ocr_par' dir='ltr' id='par_1_27' title="bbox 79 2678 916 2734">
     <span class='ocr_line' id='line_1_37' title="bbox 79 2678 916 2734; baseline -0.008 -11"><span class='ocrx_word' id='word_1_257' title='bbox 79 2683 182 2729; x_wconf 76' lang='lat' dir='ltr'><strong>Post,</strong></span> <span class='ocrx_word' id='word_1_258' title='bbox 201 2683 270 2722; x_wconf 83' lang='lat' dir='ltr'><strong>ubi</strong></span> <span class='ocrx_word' id='word_1_259' title='bbox 284 2688 439 2734; x_wconf 85' lang='lat' dir='ltr'><strong>tempus</strong></span> <span class='ocrx_word' id='word_1_260' title='bbox 458 2680 650 2734; x_wconf 88' lang='lat' dir='ltr'><strong>promissa</strong></span> <span class='ocrx_word' id='word_1_261' title='bbox 662 2679 748 2733; x_wconf 87' lang='lat' dir='ltr'><strong>jam</strong></span> <span class='ocrx_word' id='word_1_262' title='bbox 767 2678 916 2732; x_wconf 86' lang='lat' dir='ltr'><strong>perfici,</strong></span> 
     </span>
    </p>

    <p class='ocr_par' dir='ltr' id='par_1_28' title="bbox 77 2746 853 2799">
     <span class='ocr_line' id='line_1_38' title="bbox 77 2746 853 2799; baseline -0.008 -9"><span class='ocrx_word' id='word_1_263' title='bbox 77 2749 182 2790; x_wconf 84' lang='lat' dir='ltr'><strong>Tum</strong></span> <span class='ocrx_word' id='word_1_264' title='bbox 201 2750 326 2790; x_wconf 88' lang='lat' dir='ltr'><strong>coacti</strong></span> <span class='ocrx_word' id='word_1_265' title='bbox 344 2749 567 2789; x_wconf 88' lang='lat' dir='ltr'><strong>necessario</strong></span> <span class='ocrx_word' id='word_1_266' title='bbox 588 2762 628 2787; x_wconf 89' lang='lat' dir='ltr'><strong>se</strong></span> <span class='ocrx_word' id='word_1_267' title='bbox 649 2746 853 2799; x_wconf 87' lang='lat' dir='ltr'><strong>aperiunt:</strong></span> 
     </span>
    </p>
   </div>
   <div class='ocr_carea' id='block_1_11' title="bbox 44 2812 997 2867">
    <p class='ocr_par' dir='ltr' id='par_1_29' title="bbox 44 2812 997 2867">
     <span class='ocr_line' id='line_1_39' title="bbox 44 2812 997 2867; baseline -0.006 -11"><span class='ocrx_word' id='word_1_268' title='bbox 44 2836 47 2838; x_wconf 89' lang='lat'>·</span> <span class='ocrx_word' id='word_1_269' title='bbox 80 2816 133 2856; x_wconf 88' lang='lat' dir='ltr'><strong>Et</strong></span> <span class='ocrx_word' id='word_1_270' title='bbox 150 2817 315 2856; x_wconf 85' lang='lat' dir='ltr'><strong>timent:</strong></span> <span class='ocrx_word' id='word_1_271' title='bbox 346 2821 385 2855; x_wconf 90' lang='lat' dir='ltr'><strong>et</strong></span> <span class='ocrx_word' id='word_1_272' title='bbox 403 2820 537 2855; x_wconf 89' lang='lat' dir='ltr'><strong>tamen</strong></span> <span class='ocrx_word' id='word_1_273' title='bbox 556 2828 619 2853; x_wconf 89' lang='lat' dir='ltr'><strong>res</strong></span> <span class='ocrx_word' id='word_1_274' title='bbox 637 2813 781 2867; x_wconf 90' lang='lat' dir='ltr'><strong>premit</strong></span> <span class='ocrx_word' id='word_1_275' title='bbox 800 2812 997 2865; x_wconf 85' lang='lat' dir='ltr'><strong>denegare</strong></span> 
     </span>
    </p>
   </div>
  </div>
 </body>
</html>
