1670 3080
507 138 671 170 ACTUS
710 139 766 170 11.
839 140 1009 171 SCENA
1048 142 1081 172 ι.
1420 132 1508 175 121

60 225 140 265 Da.
170 225 323 265 Siccine
342 225 452 277 agis?
534 225 612 264 M1.
642 226 710 265 An
729 238 803 277 ego
823 225 937 264 toties
956 225 1005 263 de
1025 224 1165 264 eadem
1185 239 1226 264 re
1247 226 1403 266 audiam
1421 228 1434 266 2

60 291 138 331 Dn.
156 291 284 331 ·Curae
304 297 363 330 est
380 291 490 330 mihi.
576 291 654 330 M1.
686 291 738 329 Et
755 290 854 330 mihi
874 304 978 330 curae
999 296 1079 330 est:
1109 304 1259 339 verum,
1291 292 1456 341 Demea,

59 358 250 398 Curemus
268 371 425 411 aequam
443 365 609 411 uterque
628 364 794 411 partem,
826 363 869 396 tu
888 357 1068 405 alterum,
1462 363 1512 397 50

58 422 144 476 Ego
163 424 258 463 item
273 424 460 464 alterum:
490 437 585 463 nam
606 437 744 463 curare
765 424 912 472 ambos,
935 423 1224 476 propemodum

56 489 280 543 Reposcere
299 491 412 530 illum
433 496 502 539 est,
534 504 653 544 quem
673 490 828 530 dedisti.
915 491 994 529 DE.
1024 490 1115 530 Ah!
1146 490 1283 531 Micio.

0 575 1 581 1
55 555 133 595 M1.
165 556 268 595 Mihi
287 556 342 596 sic
361 556 529 595 videtur.
614 557 693 595 DE.
724 556 832 601 Quid
850 556 968 595 istic?
997 556 1030 595 si
1048 556 1150 596 istuc
1173 557 1246 598 tibi
1264 557 1407 611 placet,

56 622 283 671 Profimdat,
305 623 456 676 perdat,
477 629 624 675 pereat,
649 621 748 661 nihil
769 622 820 661 ad
838 635 903 661 me
923 621 1076 661 attinet.

51 688 77 728 J
81 701 146 728 am
166 689 198 728 si
218 690 383 729 verbum
402 690 527 728 ullum
546 689 721 742 posthac.
807 688 886 727 M1.
917 688 1104 738 Rursum,
1125 690 1291 739 Demea,
1454 693 1505 729 55

53 755 258 795 Irascere?
339 757 417 796 Da.
448 757 515 795 An
535 769 615 795 non
636 755 792 795 credis?
818 757 1008 809 repeton’,
1030 770 1150 810 quem
1166 756 1285 797 dedi?

50 822 244 874 AEgre’st:
275 822 425 862 alienus
445 836 525 861 non
545 835 656 862 sum:
685 823 719 861 si
738 823 876 862 obsto:
905 822 1012 871 hem,
1044 823 1193 862 desino.

50 888 187 927 Unum
205 888 265 928 vis
284 902 431 937 curem,
454 902 571 928 curo:
601 894 642 928 et
661 894 720 928 est
738 889 812 928 Dis
830 890 969 942 gratia,

49 952 149 992 Cum
169 952 236 1000 ita,
257 958 303 991 ut
320 952 422 1001 volo,
445 958 528 1002 est3
558 953 630 992 iste
651 959 741 992 tuus
760 954 844 1006 ipse
865 954 1008 993 sentiet

46 1018 266 1058 Posterius:
295 1019 388 1058 nolo
407 1019 449 1058 in
469 1019 583 1058 illum
601 1020 760 1072 gravius
779 1021 922 1060 dicere.
1450 1027 1500 1061 60

47 1085 132 1125 ΜΕ.
163 1086 250 1125 Nec
269 1086 338 1135 nil,
359 1099 489 1139 neque
510 1087 644 1126 omnia
662 1086 749 1126 haec
770 1093 873 1136 sunt,
897 1102 987 1140 quae
1007 1088 1126 1137 dicit3
1149 1094 1284 1131 tamen

45 1150 137 1190 Non
157 1150 215 1190 nil
232 1151 398 1191 molesta
416 1151 503 1191 haec
522 1157 614 1191 sunt
633 1152 732 1191 mihi
748 1166 757 1191 ε
787 1153 856 1192 sed
876 1153 1095 1202 ostendere,

45 1219 114 1259 Me
134 1233 240 1272 aegre
259 1220 353 1272 pati,
375 1219 433 1259 illi
451 1219 561 1259 nolui
578 1234 587 1259 :
618 1233 711 1259 nam
730 1220 835 1259 ita’st
854 1219 998 1259 homo:

43 1286 144 1325 Cum
164 1286 291 1340 placo,
312 1286 499 1325 adversor
518 1286 654 1326 sedulo
670 1291 711 1325 et
728 1286 927 1333 deterreo3

41 1352 195 1391 Tamen
215 1352 284 1391 vix
301 1351 476 1391 humane
495 1353 643 1405 patitur
660 1367 668 1391 :
697 1365 837 1392 verum
856 1351 889 1390 si
909 1364 1089 1404 augeam,
1445 1356 1493 1390 65

43 1419 127 1458 Aut
146 1418 266 1457 etiam
284 1418 441 1471 adjutor
459 1418 532 1456 sim
553 1417 637 1469 ejus
656 1418 886 1464 iracundiae,

43 1485 247 1531 Insaniaen
265 1485 441 1539 profecto
460 1498 552 1523 cum
571 1484 639 1523 illo
656 1499 664 1523 :
696 1484 768 1523 etsi
787 1484 1001 1523 AEschinus

40 1553 133 1593 Non
154 1553 306 1594 nullam
326 1553 368 1592 in
387 1552 463 1592 hac
483 1566 524 1591 re
542 1552 657 1591 nobis
676 1552 771 1591 facit
789 1551 989 1603 injuriam.

39 1622 170 1666 Quam
190 1620 256 1660 hic
277 1634 358 1660 non
378 1619 526 1659 amavit
545 1619 818 1659 meretricem?
846 1624 915 1657 aut
933 1619 997 1659 cui
1017 1631 1097 1658 non
1118 1618 1226 1659 dedit

39 1686 231 1740 Aliquid?
258 1692 468 1740 postremo,
489 1699 617 1738 nuper
636 1685 774 1737 (credo
787 1685 873 1737 jam
893 1684 1072 1728 omnium
1444 1686 1493 1725 70

36 1752 244 1803 Taedebat)
265 1753 375 1800 dixit,
398 1752 498 1791 velle
518 1765 683 1792 uxorem
703 1751 860 1792 ducere.

36 1819 264 1871 Sperabam,
289 1819 377 1872 jam
397 1818 609 1857 defervisse
629 1818 964 1858 adulescentiam:

37 1885 294 1926 Gaudebam:
325 1898 417 1924 ecce
437 1891 570 1925 autem
591 1884 639 1924 de
659 1884 813 1936 integro
831 1898 839 1923 ε
869 1883 957 1931 nisi,
981 1883 1170 1937 quicquid
1189 1891 1259 1932 est,

39 1951 138 1991 Volo
157 1952 278 2000 scire3
309 1957 426 2007 atque
446 1951 650 1991 hominem
671 1950 896 1999 convenire,
919 1951 951 1990 si
971 1950 1077 2003 apud
1095 1951 1225 1991 forum
1246 1958 1315 1990 est.

479 2148 657 2189 ACTUS
688 2148 745 2188 ΙΙ.
805 2148 986 2188 SCENA
1017 2148 1050 2187 Ι.

380 2253 552 2292 8ΑΝΝιο.
608 2251 851 2291 AEscmNUs.
912 2251 1131 2292 Pmmnno.

30 2359 98 2398 SA.
128 2359 312 2407 Obseero,
334 2358 556 2412 populares,
573 2358 671 2398 ferte
690 2358 835 2397 misero
855 2364 975 2411 atque
995 2358 1200 2398 innocenti
1220 2359 1435 2403 auxillum;

31 2426 243 2465 Subvenite
261 2426 382 2479 inopi.
467 2426 553 2465 AES.
585 2426 732 2473 Otiose,
753 2437 862 2465 nunc
881 2427 963 2464 'iam
982 2424 1087 2464 illico
1106 2425 1172 2464 hic
1191 2426 1361 2466 consiste
1379 2441 1387 2466 ε

29 2491 136 2536 Quid
153 2494 376 2546 respectas?
403 2492 460 2532 nil
479 2491 688 2545 pericli’st:
719 2504 939 2543 nunquam,
970 2490 1067 2530 dum
1087 2505 1162 2544 ego
1189 2486 1321 2541 adero,
1351 2492 1416 2533 hic
1445 2500 1483 2533 te

187 2565 337 2612 tanget.

29 2623 96 2664 SA.
125 2625 210 2678 Ego
229 2626 346 2666 istam
364 2626 499 2665 invitis
518 2625 757 2665 omnibus—

28 2690 113 2731 AEs.
135 2693 373 2745 Quanquam
387 2698 446 2731 est
460 2692 657 2741 scelestus,
671 2706 753 2733 non
768 2694 991 2734 committet
1003 2692 1122 2734 hodie
1133 2707 1325 2747 unquam,
1337 2694 1480 2735 iterum

185 2764 231 2798 ut
247 2758 421 2811 vapulet.
1456 2763 1479 2799 5

29 2822 95 2862 SA.
125 2823 325 2873 AEschine,
347 2824 450 2872 audi,
472 2837 523 2863 ne
543 2831 581 2863 te
602 2825 786 2878 ignarum
804 2824 925 2867 fuisse
945 2825 1053 2870 &aas
1071 2839 1254 2866 meorum
1272 2839 1441 2876 morum,

781 2906 806 2930 o
