1670 3080
511 111 670 143 Aeros
697 111 742 144 v.
818 111 983 143 scENA
1007 112 1062 143 11.
1461 97 1520 144 31

68 199 294 242 Quemnam
307 196 373 237 hic
392 197 555 237 laudat?
601 198 681 237 DA.
704 197 846 237 Omnis
860 211 922 237 res
937 202 995 237 est
1007 198 1093 251 jam
1108 198 1150 237 in
1164 198 1278 238 vado.
1329 199 1385 239 81.
1409 199 1528 239 Cesso

227 264 374 318 alloqui
387 265 403 304 ?

69 331 147 371 DA.
169 331 302 371 Herus
316 337 401 371 est:
432 331 527 384 quid
545 332 693 383 agam?
748 332 815 370 81..
828 332 864 371 O
879 331 998 380 salve,
1019 332 1122 371 bone
1137 332 1196 371 vir
1213 332 1222 371 !
1281 332 1361 372 DA.
1385 332 1523 381 Ehem,

229 399 355 438 Simo!
387 400 423 438 Ο
443 404 576 438 noster
596 398 763 438 Chreme
779 398 788 437 !
1500 405 1523 439 5

67 464 214 504 Omnia
232 470 420 518 apparata
432 464 519 517 jam
538 469 630 503 sunt
647 464 765 503 intus.
851 464 908 503 81.
949 464 1102 503 Curasti
1121 465 1254 517 probe.

67 531 146 570 DA.
188 532 265 572 Ubi
285 531 402 580 voles,
423 544 587 571 arcesse.
657 532 715 570 81.
746 531 855 571 Βο110
875 545 969 571 sane
986 546 995 570 2
1025 531 1067 571 id
1086 532 1287 572 enimvero
1305 531 1401 572 hinc
1419 545 1526 572 nunc

226 599 348 639 abest.

69 666 200 707 Etiam
219 671 264 706 tu
280 666 356 706 hoc
374 666 580 720 responde,
601 665 698 719 quid
716 665 803 705 istic
823 665 893 705 tibi
913 665 1051 719 negoti
1072 665 1146 705 'st?
1228 666 1308 705 DA.
1350 666 1525 708 Mihin’?

3 733 7 736 ⁴
228 735 284 774 81.
326 733 400 773 Ita.

66 802 145 841 DA.
186 801 320 841 Mihi?
403 801 459 840 81.
498 799 588 839 Tibi
625 812 731 852 ergo.
817 798 896 838 DA.
938 797 1062 838 Modo
1099 811 1174 851 ego
1210 797 1382 838 introivi.
1469 799 1524 837 81.

148 860 151 866 ’
226 868 350 914 Quasi
369 882 443 922 ego
462 880 582 921 quam
601 867 752 907 dudum
770 879 921 919 rogem.

65 937 144 977 DA.
184 937 286 978 Cum
304 943 372 976 tuo
390 942 513 991 gnato
530 949 623 976 una.
709 936 766 975 81.
805 936 925 975 Α11110
946 939 1005 974 est
1021 934 1129 974 intus
1149 933 1412 989 Pamphilus?
1441 948 1527 974 cru-

225 1004 306 1044 cior
323 1004 453 1044 miser.
1284 1000 1287 1003 ’
1478 1005 1527 1042 10

65 1070 162 1120 Eho,
184 1083 266 1110 non
284 1076 328 1111 tu
347 1071 447 1110 dixti
466 1084 550 1110 esse
568 1070 673 1110 inter
691 1083 758 1109 eos
775 1068 1015 1117 inimicitias,
1036 1068 1258 1108 carnufex?

64 1138 142 1178 DA.
183 1139 295 1178 Sunt.
384 1139 440 1177 81.
479 1138 560 1177 Cur
586 1137 708 1191 igitur
727 1136 793 1177 hic
813 1137 897 1176 est?
981 1137 1056 1176 Cn.
1097 1136 1206 1181 Quid
1226 1135 1340 1175 illum
1361 1136 1527 1176 censes?

224 1218 315 1245 cum
333 1204 402 1244 illa
418 1204 558 1257 litigat.

65 1271 143 1311 DA.
180 1271 310 1310 Immo
342 1284 436 1310 vero
463 1271 686 1324 indignum,
722 1268 903 1318 Chreme,
937 1268 1024 1322 jam
1057 1268 1212 1309 facinus
1242 1268 1337 1308 faxo
1374 1282 1425 1308 ex
1462 1282 1526 1308 me

225 1337 371 1377 audies.

64 1402 220 1452 Nescio,
242 1403 311 1457 qui
329 1417 453 1443 senex
469 1403 588 1443 modo
607 1403 741 1443 venit:
772 1402 906 1451 ellum,
928 1401 1143 1451 confidens,
1166 1407 1299 1442 catus:

64 1471 166 1510 Cum
183 1470 327 1510 faciem
345 1470 668 1527 videas‚wvidetur
687 1483 771 1508 esse
791 1468 990 1521 quantivis
1008 1468 1111 1521 preti
1128 1483 1136 1507 :
1476 1471 1523 1508 15

62 1537 200 1577 Tristis
221 1537 407 1577 severitas
425 1537 529 1577 inest
546 1537 589 1576 in
608 1536 728 1584 voltu,
749 1540 869 1589 atque
887 1535 930 1574 in
948 1535 1078 1574 verbis
1098 1534 1207 1574 fides.

63 1605 120 1644 81.
159 1605 360 1650 Quidnam
398 1605 609 1658 apportas?
692 1603 771 1642 DA.
812 1602 881 1642 Nil
919 1601 1116 1655 equidem,
1155 1602 1231 1642 nisi
1269 1602 1375 1656 quod
1411 1603 1525 1644 illum

224 1670 357 1710 audivi
376 1670 519 1710 dicere.
1476 1710 1482 1713 .

62 1737 118 1776 81.
158 1737 265 1782 Quid
283 1737 339 1777 ait
356 1737 549 1777 tandem?
622 1736 703 1775 DA.
737 1735 969 1788 Glycerium
989 1749 1030 1775 se
1050 1735 1149 1775 scire
1169 1735 1298 1776 civem
1317 1749 1401 1776 esse
1420 1737 1526 1776 Atti-¹¹

190 1816 324 1842 .cam.
410 1803 467 1842 81.
506 1802 629 1850 Hem,

62 1868 224 1917 Dromo,
265 1869 428 1908 Dromo.
513 1868 594 1908 Da.
634 1867 741 1912 Quid
777 1868 863 1907 est?
946 1867 1003 1907 81.
1042 1867 1206 1908 Dromo.
1282 1868 1362 1908 DA.
1403 1869 1522 1909 Audi.

225 1935 280 1974 Sr.
321 1935 499 1974 Verbum
518 1934 551 1974 si
570 1934 821 1974 addideris—
853 1934 1016 1974 Dromo.

62 2000 141 2040 DA.
173 2001 292 2050 Audi,
313 2001 489 2040 obsecro.
563 1999 644 2039 Da.
675 2000 783 2044 Quid
800 2000 890 2040 vis?
964 2001 1019 2040 81.
1056 2001 1275 2042 Sublimem
1294 2002 1401 2043 hunc
1420 2003 1525 2043 intro

220 2080 327 2120 rape,
348 2071 541 2119 quantum
559 2070 683 2118 potes
1472 2073 1524 2109 20

62 2132 142 2172 Du.
191 2132 350 2177 Quem?
441 2132 498 2170 S1.
546 2132 716 2172 Davom.
801 2132 882 2172 DA.
932 2133 1232 2178 Quamobrem?
1315 2136 1372 2175 81.
1421 2137 1525 2182 Quia

219 2199 353 2239 lubet:
382 2212 478 2253 rape
496 2198 673 2252 inquam.
758 2199 838 2240 DA.
879 2201 986 2245 Quid
1003 2201 1107 2242 feci?
1191 2203 1247 2242 81.
1288 2203 1413 2257 Rape.

63 2265 142 2306 DA·
181 2265 222 2305 Si
250 2265 462 2318 quicquam
489 2265 669 2306 invenies
693 2279 758 2306 me
787 2267 1012 2318 mentitum,
1048 2269 1228 2311 occidito.
1314 2271 1371 2310 81.
1411 2271 1524 2311 Ν11111

221 2333 350 2373 audio.

62 2399 147 2452 Ego
167 2398 255 2452 jam
283 2404 321 2438 te
349 2403 592 2439 commotum
622 2399 798 2440 reddam.
882 2401 963 2441 DA.
1001 2402 1154 2442 Tamen
1182 2403 1255 2444 etsi
1282 2403 1358 2445 hoc
1384 2418 1523 2446 verum

221 2464 309 2505 est?
396 2465 452 2504 81.
491 2464 657 2505 Tamen.
739 2482 742 2485 ⁴

63 2531 167 2570 Cura
192 2530 475 2570 asservandum
503 2531 707 2572 vinctum:
751 2537 869 2586 atque
897 2533 1063 2574 audin’?
1104 2535 1402 2590 quadrupedem
1430 2552 1524 2578 con-

222 2598 415 2651 stringito.

64 2665 153 2718 Age
170 2678 278 2705 nunc
294 2667 402 2705 iam:
433 2678 507 2719 ego
525 2665 593 2719 pol
610 2665 740 2716 hodie,
762 2666 795 2706 si
813 2667 915 2716 vivo,
937 2668 1008 2707 tibi
1213 2672 1215 2675 ’
1470 2675 1520 2711 25

66 2731 294 2781 Ostendam,
314 2732 455 2773 herum
476 2732 572 2786 quid
590 2733 641 2772 sit
657 2733 794 2786 pericli
811 2734 960 2784 fallere,

69 2798 120 2838 Et
137 2798 205 2848 illi,
226 2805 392 2852 patrem.
468 2800 544 2839 Cu.
583 2799 676 2840 Ah!
706 2814 758 2840 ne
778 2801 874 2840 saevi
893 2806 1109 2856 tantopere.
1187 2804 1244 2844 S1.
1280 2803 1317 2844 Ο
1338 2803 1518 2854 Chreme,
