1670 3080
543 103 701 135 Ac'rus
737 102 794 134 11.
863 101 1027 133 SCENA
1050 101 1117 131 VI.
1493 80 1553 128 17

103 190 174 230 ΡΑ.
206 188 277 228 Eo.
362 187 436 227 ΒΥ.
476 185 649 225 Nullane
667 185 710 224 in
730 198 772 224 re
791 196 876 223 esse
892 183 1078 236 cuiquam
1098 184 1252 223 homini
1271 185 1392 224 fidem
1408 186 1423 223 ’ἔ

103 256 250 295 Verum
267 251 368 292 illud
383 253 548 293 verbum
570 252 626 300 ’st,
645 249 764 304 volgo
783 251 889 304 quod
906 251 984 290 dici
1004 252 1112 300 solet,
1509 256 1556 292 15

100 323 249 361 Omnes
267 320 341 360 sibi
359 333 442 360 esse
461 318 602 358 melius
620 317 750 366 malle,
773 331 892 370 quam
913 317 1037 357 alteri.

99 387 186 439 Ego
205 385 313 425 illam.
332 385 436 425 vidi:
469 384 663 436 virginem
682 383 810 422 forma
827 384 932 422 'oona

98 451 269 491 Memini
287 451 422 491 videre
439 464 448 489 :
479 463 557 502 quo
576 449 727 501 aequior
745 462 833 488 sum
854 448 1074 501 Pamphilo,

96 519 138 558 Si
156 531 197 557 se
215 517 325 556 illam
344 517 386 556 in
405 514 564 564 somnis,
587 529 706 568 quam
724 514 850 564 illum,
871 515 1057 568 amplecti
1075 515 1226 556 maluit.

94 583 360 633 Renuntiabo.
380 588 426 622 ut
443 596 515 636 pro
534 581 609 621 hoc
628 579 737 620 malo
753 581 851 620 mihi
871 581 938 621 det
955 581 1120 621 malum.
1504 586 1556 622 20

524 741 697 782 ACTUS
728 741 786 780 ΙΙ.
845 741 1024 781 SCENA
1057 738 1130 781 VI.

659 823 814 862 DAths.
875 823 991 862 Smo.

91 920 170 959 DA.
212 919 291 959 Hic
311 931 417 958 nunc.
436 930 502 957 me
522 916 646 956 eredit
664 915 838 968 aliquam
857 915 931 955 sibi
949 915 1147 956 fallaciam

91 988 263 1035 Portare,
285 991 325 1026 et
343 999 390 1025 ea
408 999 472 1024 me
490 983 556 1024 hic
574 982 762 1022 restitisse
781 982 920 1035 gratia.

90 1055 147 1094 81.
187 1054 294 1098 Quid
312 1053 449 1092 Davus
467 1051 631 1093 narrat?
713 1050 793 1088 DA.
832 1049 963 1101 AEque
984 1050 1196 1102 quicquam
1215 1063 1323 1091 nunc
1338 1052 1511 1105 quidem.
1622 1099 1627 1112 Ι

90 1122 146 1160 81.
186 1119 338 1159 Nilne?
378 1118 495 1158 hem!
581 1117 662 1156 DA.
702 1116 772 1155 Nil
789 1129 959 1169 prorsus,
1050 1117 1106 1155 81.
1145 1117 1270 1170 Aequi
1291 1121 1550 1171 expectabam

251 1187 423 1240 quidem.

91 1255 170 1294 DA.
210 1254 359 1294 Praeter
377 1266 488 1306 spem
508 1253 642 1292 evenit
658 1265 667 1290 :
698 1250 824 1290 sentio
841 1264 850 1289 :
880 1249 956 1289 hoc
975 1250 1080 1290 male
1098 1250 1219 1291 habet
1237 1252 1379 1292 virum.
1525 1255 1548 1292 5

91 1321 146 1359 81.
187 1319 316 1359 Potin'
336 1333 377 1358 es
394 1318 494 1358 mihi
513 1331 651 1356 verum
671 1316 831 1356 dicere?
912 1315 993 1355 DA.
1034 1316 1146 1355 Nihil
1164 1317 1330 1357 facilius.

92 1386 148 1424 81.
188 1385 299 1423 Ν11111
312 1382 370 1422 1111
389 1383 566 1422 molestae
587 1381 791 1435 quippiam
809 1381 895 1420 haec
917 1386 1010 1420 sunt
1028 1382 1192 1435 nuptiae,

92 1452 258 1504 Propter
274 1450 445 1503 hospita'i
461 1449 628 1502 hujusce
648 1448 1006 1488 consuetudinem?

90 1518 170 1557 DA.
211 1516 324 1557 Nihil
342 1516 474 1555 hercle
496 1530 504 1554 :
536 1520 615 1563 aut,
636 1515 669 1553 si
688 1515 798 1562 adeo,
819 1514 931 1554 bidui
949 1519 1008 1553 est
1026 1519 1095 1554 aut
1114 1515 1233 1555 tridui

90 1584 193 1624 Haec
214 1583 459 1622 sollicitudo:
490 1581 622 1621 nosti?
650 1580 794 1620 deinde
816 1579 980 1620 desinet.
1502 1587 1551 1623 10

90 1651 250 1690 Etenim
268 1650 377 1703 ipsus
396 1663 485 1688 eam
503 1663 589 1687 rem
607 1653 717 1687 recta
735 1648 934 1700 reputavit
951 1646 1028 1686 via.

90 1717 147 1756 81.
187 1716 338 1756 Laudo.
422 1715 502 1754 DA.
543 1714 652 1753 Dum
671 1713 824 1752 licitum
844 1718 904 1752 est
921 1713 970 1762 ei,
991 1713 1165 1766 dumque
1184 1719 1280 1754 aetas
1299 1715 1399 1764 tulit,

90 1783 256 1822 Amavit
271 1796 280 1821 z
311 1788 396 1821 tum
415 1782 457 1821 id
475 1781 579 1820 clam
594 1795 604 1829 ;
635 1781 750 1829 cavit,
771 1793 822 1818 ne
841 1793 1020 1832 unquam
1038 1780 1215 1820 infamiae

89 1849 150 1888 Ea
167 1862 230 1888 res
249 1848 323 1888 sibi
342 1852 453 1895 esset,
474 1852 520 1886 ut
537 1846 668 1886 virum
686 1846 830 1885 fortem
850 1846 964 1885 decet
980 1860 989 1885 :

90 1914 209 1953 Nunc
227 1927 351 1952 uxore
370 1927 467 1966 opus
487 1918 570 1952 est:
601 1911 778 1951 animum
799 1911 852 1950 ad
869 1925 1036 1950 uxorem
1055 1911 1218 1965 appulit.
1499 1919 1546 1956 15

90 1981 146 2020 81.
185 1979 387 2019 Subtristis
406 1979 510 2018 visus
532 1977 580 2017 ’st
598 1990 681 2017 esse
703 1976 995 2029 aliquantillum
1013 1977 1124 2016 mihi.

89 2047 169 2086 DA.
208 2045 320 2085 Nihil
338 2050 498 2098 propter
515 2043 619 2083 hanc
639 2057 724 2083 rem
741 2057 750 2082 ε
781 2043 850 2082 sed
869 2048 938 2091 est,
961 2043 1068 2094 quod
1087 2050 1293 2083 succenset
1314 2045 1395 2084 tibi.

89 2114 146 2153 81.
185 2113 386 2158 Quidnam
421 2111 496 2151 'st‘l
578 2111 659 2150 DA.
709 2109 865 2149 Puerile
905 2109 962 2148 ’st.
1047 2106 1104 2149 SI.
1154 2111 1261 2155 Quid
1298 2113 1385 2151 est?
1467 2113 1546 2153 DA.

250 2179 373 2219 Nihil.
459 2178 516 2217 81.
556 2177 663 2222 Quin
684 2176 758 2225 dic,
781 2176 876 2228 quid
895 2180 964 2215 est.

89 2247 169 2286 DA.
207 2247 279 2287 Ait
296 2246 465 2286 nimium
483 2258 602 2297 parce
615 2244 746 2283 facere
766 2248 954 2283 sumtum.
1040 2243 1095 2282 S1.
1137 2244 1284 2284 Mene?
1359 2246 1437 2285 DA.
1476 2246 1546 2286 Te.

89 2312 182 2361 Vix,
202 2311 342 2364 inquit,
363 2309 562 2350 drachmis
581 2314 640 2348 est
658 2314 894 2362 opsonatum
913 2309 1051 2348 decem
1069 2323 1077 2348 :
1494 2314 1547 2351 20

90 2378 199 2418 Num
217 2377 299 2416 filio
316 2377 472 2416 videtur
488 2388 654 2415 uxorem
673 2374 798 2414 dare?

90 2445 231 2492 Quem,
250 2442 390 2494 inquit,
411 2441 560 2480 vocabo
580 2440 631 2479 ad
649 2453 806 2478 coenam
825 2453 1006 2479 meorum
1025 2440 1238 2493 aequalium

90 2510 341 2550 Potissimum
361 2508 496 2547 nunc?
525 2512 574 2555 et,
597 2506 702 2558 quod
721 2505 933 2545 dicendum
951 2505 1017 2545 hic
1037 2507 1121 2555 siet,

89 2575 151 2615 Tu
170 2589 324 2628 quoque
342 2586 530 2628 perparce
546 2572 715 2611 nimium
733 2585 741 2610 :
771 2585 852 2610 non
871 2571 1002 2611 laudo.
1088 2573 1145 2612 81.
1184 2573 1302 2614 Tace.

91 2641 171 2681 DA.
210 2639 427 2681 Commovi.
514 2639 570 2677 81.
611 2638 710 2689 Ego,
731 2637 841 2675 istaec
860 2642 966 2676 recte
985 2642 1031 2676 ut
1048 2637 1158 2686 fiant,
1180 2638 1327 2678 videro.
1494 2644 1543 2681 25

91 2707 198 2752 Quid
213 2707 290 2747 hoc
308 2707 367 2746 rei
386 2706 471 2745 est?
499 2705 595 2757 quid
612 2703 678 2743 hic
697 2703 780 2743 volt
798 2708 995 2742 veterator
1013 2703 1116 2743 sibi?

92 2772 199 2812 Nam
217 2773 250 2812 si
266 2772 332 2812 hic
351 2770 446 2812 mali
466 2774 525 2810 est
543 2769 767 2822 quicquam,
783 2767 863 2808 illic
881 2767 974 2808 huic
993 2768 1051 2808 rei
1071 2774 1130 2809 est
1149 2776 1277 2825 caput.
