1670 3080
506 75 667 113 Aeros
703 80 750 112 V.
823 79 990 113 scENA
1026 80 1139 115 v111.
1479 68 1574 118 219

90 169 258 218 Verum,
280 167 441 223 quando
455 167 543 221 jam
564 167 790 208 accusando
809 167 898 209 fieri
915 167 1112 209 infectum
1132 182 1214 210 non
1234 175 1376 224 potest,
1526 175 1578 213 45

92 236 289 291 Ignosce:
320 241 429 286 orat3
461 236 700 287 confitetur;
731 242 896 291 purgat:
928 237 1026 291 quid
1044 237 1105 278 vis
1124 238 1329 293 amplius?

91 305 167 345 Pa.
207 303 439 354 Enimvero,
471 304 706 358 priusquam
732 304 821 346 haec
851 305 920 346 dat
948 306 1123 355 veniam,
1148 307 1249 346 mihi
1273 307 1517 362 prospiciam
1541 317 1581 351 et

254 372 468 413 Phaedriae.

90 439 228 481 Heus!
278 440 543 490 Nausistrata,
593 441 828 495 priusquam
868 442 962 483 huic
1004 443 1222 498 respondes
1265 450 1429 496 temere,
1472 447 1578 488 audi.

253 508 335 548 NA.
378 508 488 554 Quid
507 509 597 549 est?

38 569 46 582 ²
92 576 169 616 Pu.
212 576 300 630 Ego
318 577 451 616 nfinas
470 576 637 630 triginta
655 592 728 631 per
746 577 926 618 fallacias
947 579 997 618 ab
1018 579 1094 618 isto
1115 579 1272 620 abstuli.

89 644 170 684 Eas
188 643 281 684 dedi
300 649 370 684 tuo
388 649 512 698 gnato
530 658 538 684 :
569 644 602 684 is
622 658 695 698 pro
714 659 786 684 sua
805 645 936 685 amica
954 645 1092 686 lenoni
1112 646 1235 687 dedit.
1527 652 1580 690 50

89 712 165 752 Cn.
216 712 347 752 Hem!
379 712 476 766 quid
501 712 589 752 ais?
676 713 756 752 NA.
807 713 966 753 Adeon’
986 714 1201 779 indignum
1220 715 1296 756 hoc
1317 716 1389 757 tibi
1408 716 1578 767 videtur,

252 779 369 829 filius,

88 847 225 887 Homo
244 847 492 896 adulescens,
514 847 547 887 si
566 847 688 887 habet
706 861 830 887 unam
850 849 1034 897 amicam,
1057 855 1103 889 tu
1121 863 1266 889 uxores
1286 849 1417 890 duas?

88 914 160 954 Nil
179 915 362 969 pudere?
390 929 469 969 quo
489 929 555 956 ore
574 915 689 955 illum
710 915 966 968 objurgabis‘?
993 917 1192 970 responde
1212 916 1326 957 mihi.

84 982 164 1023 ΒΕ.
189 982 337 1032 Faciet,
358 988 405 1023 ut
425 982 544 1023 voles.
606 983 686 1022 NA.
708 983 841 1023 Immo
860 989 907 1023 ut
925 998 1059 1023 meam
1073 984 1162 1037 jam
1182 984 1283 1025 scias
1304 985 1573 1027 sententiam:

86 1049 230 1104 Neque
246 1064 322 1104 ego
337 1050 514 1104 ignosco,
532 1064 663 1104 neque
678 1052 868 1104 promitto
882 1051 1110 1106 quicquam,
1124 1066 1257 1106 neque
1271 1054 1506 1107 respondeo,
1525 1058 1577 1095 55

87 1118 326 1172 Priusquam
345 1123 514 1173 gnatum
530 1119 668 1159 videro
686 1134 695 1159 :
726 1119 812 1173 ejus
826 1120 980 1173 judicio
999 1121 1189 1174 permitto
1209 1122 1358 1162 omnia.

86 1186 206 1231 Quod
224 1186 258 1227 is
270 1187 441 1241 jubebit,
462 1187 621 1227 faciam.
711 1187 787 1226 ΡΗ.
828 1187 981 1227 Mulier
1000 1188 1159 1241 sapiens
1179 1202 1233 1237 es,
1256 1189 1521 1230 Nausistrata.

87 1253 168 1293 NA.
210 1254 337 1294 Satin'
371 1254 414 1294 id
447 1260 507 1294 est
540 1254 642 1294 tibi?
728 1254 804 1293 Pu.
848 1254 981 1294 Immo
1016 1269 1110 1294 vero
1141 1255 1308 1309 pulchre
1341 1256 1503 1297 discedo
1538 1264 1579 1297 et

279 1322 387 1370 robe,

89 1390 142 1430 Et
159 1335 307 1444 praetILr
325 1403 450 1444 spem.
511 1391 549 1430 Ν
556 1406 592 1430 A.
626 1391 689 1430 Tu
709 1391 780 1430 tibi
801 1405 951 1431 nomen
972 1392 1034 1432 dic
1056 1392 1164 1446 quod
1185 1395 1274 1433 est?
1332 1394 1409 1435 Pu.
1443 1395 1578 1435 Min’?

255 1457 446 1498 Phormio
465 1472 474 1498 :

89 1526 246 1566 Vostrae
265 1526 430 1566 familiae
450 1525 584 1566 hercle
606 1526 769 1576 amicUS,
793 1533 833 1567 et
851 1534 920 1568 tuo
940 1542 1121 1569 summus
1143 1530 1354 1571 Phaedriae.
1524 1537 1577 1572 60

86 1595 127 1634 N
131 1609 168 1635 A.
192 1594 394 1644 Phormio,
411 1600 453 1634 at
469 1608 543 1648 ego
557 1600 712 1635 ecastor
726 1596 891 1649 posthac
906 1597 988 1645 tibi,
1007 1598 1114 1650 quod
1133 1604 1271 1652 potero
1285 1605 1326 1639 et
1340 1614 1431 1653 quae
1447 1601 1570 1650 voles,

87 1662 328 1717 Faciamque
349 1668 389 1702 et
409 1662 552 1702 dicam.
633 1663 708 1703 Pu.
741 1663 923 1718 Benigne
945 1665 1055 1705 dicis.
1127 1667 1168 1706 N
1172 1681 1209 1706 A.
1243 1667 1316 1707 Pol
1335 1669 1576 1710 meritum'st

250 1735 378 1768 tuum.

86 1798 164 1838 Pu.
204 1797 300 1837 Vin’
319 1797 497 1851 primum
517 1797 635 1838 hodie
655 1798 799 1848 facere,
823 1800 930 1853 quod
950 1815 1025 1854 ego
1044 1802 1258 1855 gaudeam,
1281 1803 1547 1854 Nausistrata,

86 1864 139 1904 Et
157 1863 264 1917 quod
284 1869 354 1903 tuo
372 1864 458 1904 viro
477 1864 581 1904 oculi
601 1864 792 1906 doleant?
849 1867 888 1906 N
893 1881 930 1906 A.
953 1868 1092 1922 Cupio.
1153 1870 1228 1910 Pu.
1252 1870 1323 1911 Me
1343 1872 1395 1912 ad
1414 1886 1574 1913 coenam

252 1946 361 1972 voca.

86 2001 162 2040 Cn.
203 1999 277 2040 Pol
296 2014 391 2040 vero
411 2014 523 2040 voco.
611 2001 690 2041 DE.
732 2002 884 2043 Eamus
910 2003 1016 2044 intro
1042 2004 1150 2046 hinc.
1239 2008 1313 2047 Cn.
1357 2009 1471 2049 Fiat:
1504 2010 1574 2050 sed

247 2067 316 2107 ubi
337 2074 398 2107 est
417 2067 615 2117 Phaedria,
1520 2079 1570 2117 65

84 2136 110 2176 J
112 2135 219 2176 udex
237 2136 399 2176 noster?
456 2137 532 2177 Pu.
555 2137 581 2177 J
584 2151 649 2177 am
669 2137 734 2177 hic
754 2137 850 2178 faxo
870 2139 1008 2179 aderit.
1069 2141 1152 2181 Vos
1171 2141 1300 2183 valete
1321 2149 1361 2183 et
1380 2143 1571 2198 plaudite.
1612 2195 1615 2197 μ

856 2900 925 2936 ι2
