1670 3080
107 115 183 159 xiv
661 128 891 159 TERENTII
925 129 1051 159 vrrA.

105 216 220 252 Hunc
238 215 419 252 Afranius
449 213 601 262 quidem
631 213 807 251 omnibus
826 214 993 251 Cornicis
1021 213 1184 262 praefert,
1213 214 1381 252 scribens
1407 215 1447 252 in
1472 215 1588 253 Com-

102 266 304 315 pitalibus:

263 340 419 371 Terentio
432 348 499 370 non
512 338 657 370 similem
671 338 759 370 dices
773 338 976 378 quempIam.

104 408 299 446 Volcatius
326 413 451 445 autem
478 420 555 445 non
581 407 704 444 solum
723 407 860 444 Naevio
888 412 925 443 et
953 407 1087 444 Plauto
1106 411 1143 444 et
1161 407 1333 453 Caecilio,
1352 408 1418 445 sed
1436 408 1587 446 Licinio

105 472 255 508 quoque
271 459 475 508 postponit.
531 458 664 495 Cicero
681 459 722 495 in
740 458 903 494 Limone
920 457 1102 494 hactenus
1118 457 1265 495 laudat:

259 538 311 568 Tu
324 545 464 575 quoque,
479 537 538 574 qui
552 536 640 566 solus
652 537 738 566 lecto
751 544 912 571 sermone,
928 535 1072 571 Terenti,

260 577 464 607 Conversum
479 584 740 614 expressumque
753 575 872 604 Latina
885 583 964 604 voce
979 574 1203 606 Menandrum

259 617 301 646 In
314 616 423 646 medio
436 616 550 653 populi
564 615 685 644 sedatis
700 614 835 644 vocibus
849 614 954 650 effers,

259 656 425 694 Quicquid
439 663 531 685 come
544 654 683 691 loquens
698 662 734 684 ac
748 653 861 683 omnia
875 653 985 683 dulcia
998 652 1122 683 dicens.

99 721 199 757 Item
225 721 267 756 C.
287 720 417 757 Caesar
431 733 439 755 ε

256 801 308 831 Tu
320 808 461 838 quoque,
483 800 522 828 tu
538 798 574 828 in
588 798 741 834 summis,
763 806 782 827 ο
795 797 968 828 dimidiata
983 798 1176 835 Menander,

256 839 401 874 Poneris,
425 842 458 868 et
471 838 600 873 merito,
622 838 699 875 puri
715 837 876 867 sermonis
890 840 1028 868 amator.

254 879 399 909 Lenibus
414 880 513 914 atque
527 877 658 906 utinam
670 877 801 914 scriptis
815 877 971 913 adjuncta
983 877 1067 907 foret
1082 877 1144 913 vis,

255 918 387 947 eomica
403 919 439 946 ut
452 918 585 954 aequato
598 916 704 945 virtus
716 915 853 952 polleret
866 916 989 946 honore

254 958 338 986 Cum
354 956 487 991 Graecis,
509 963 619 992 neque
633 954 668 984 in
681 955 742 984 hac
756 956 930 992 despectus
943 957 1035 993 parte
1044 955 1190 992 jaceres!

255 996 368 1025 Unum
382 996 443 1025 hoc
458 1003 605 1025 maceror
619 997 652 1024 et
667 995 760 1024 doleo
774 994 835 1024 tibi
849 995 974 1031 deesse,
998 995 1142 1025 Terenti.

145 1132 242 1169 Haec
274 1133 477 1169 Suetonius
503 1132 759 1181 Tranquillus.
821 1134 922 1170 Nam
949 1133 1042 1170 duos
1072 1133 1271 1170 Terentius
1301 1135 1430 1182 poetas
1458 1133 1576 1172 fuisse

91 1183 221 1220 scribit
237 1182 402 1219 Metius:
433 1195 596 1231 quorum
613 1184 706 1220 alter
724 1184 969 1233 Fregellanus
984 1185 1109 1229 fuerit,
1136 1183 1337 1221 Terentius
1354 1184 1465 1230 Libo,
1481 1184 1576 1222 alter

90 1234 299 1277 libertinus,
329 1233 541 1278 Terentius,
570 1234 662 1271 Afer
677 1235 807 1282 patria,
837 1235 882 1271 de
907 1247 982 1283 quo
1009 1247 1110 1272 nunc
1127 1234 1330 1283 loquimur.
1386 1235 1574 1284 Scipionis

91 1284 234 1321 fabulas
250 1284 410 1321 edidisse
424 1284 657 1330 Terentium,
672 1285 831 1334 Valgius
849 1286 889 1323 in
905 1286 1090 1322 Actaeone
1107 1285 1180 1322 ait:

247 1359 311 1389 Hae
326 1367 401 1396 quae
415 1362 577 1390 vocantur
589 1359 721 1396 fabulae,
745 1360 883 1397 cujusne
898 1361 998 1391 sunt?

247 1399 323 1428 Non
337 1398 409 1435 has,
432 1399 490 1436 qui
501 1400 577 1436 jura
590 1398 718 1437 populis
733 1399 907 1429 recensens
922 1400 1020 1429 dabat

244 1437 379 1468 Honore
392 1446 524 1468 summo
537 1439 685 1475 affectus,
705 1438 784 1468 fecit
797 1438 947 1468 fabulas?

87 1513 185 1548 Duae
216 1512 262 1547 ab
290 1511 523 1560 Apollodoro
553 1511 745 1548 translatae
784 1524 866 1548 esse
900 1511 1076 1548 dicuntur
1112 1512 1283 1557 Comico,
1323 1505 1504 1551 Phormio
1531 1519 1570 1551 et

88 1563 260 1608 Hecyra3
290 1568 449 1610 quatuor
475 1562 632 1610 reliquae
650 1575 672 1598 a
689 1562 913 1607 Menandro,
945 1575 991 1599 ex
1010 1562 1146 1610 quibus
1172 1574 1312 1612 magno
1336 1575 1514 1602 successu
1531 1570 1569 1603 et

84 1613 205 1661 pretio
219 1614 323 1650 stetit
341 1613 565 1651 Eunuchus.
619 1613 783 1660 Hecyra,
801 1625 901 1662 saepe
919 1612 1083 1658 exclusa,
1101 1613 1165 1650 vix
1180 1618 1264 1651 acta
1279 1619 1346 1652 est.
