1670 3080
576 119 734 152 Aeros
761 117 794 149 1.
869 117 1033 149 scENA
1057 119 1102 149 v.
1505 102 1557 148 1]

93 205 171 245 Tot
189 219 254 245 me
274 205 498 258 impediunt
515 215 633 253 curae,
651 217 742 257 quae
759 218 896 244 meum
915 203 1096 243 animum
1115 202 1283 242 divorsae
1303 202 1490 252 trahunt;
1513 206 1563 244 25

92 271 230 320 Amor,
251 270 519 310 misericordia
536 269 664 323 hujus,
686 269 917 323 nuptiarum
937 268 1184 317 sollicitati03

90 336 195 377 Tum
213 337 335 391 patris
353 337 492 391 pudor,
514 337 583 390 qui
596 350 661 376 me
681 342 763 376 tam
781 336 864 376 leni
882 349 1022 390 passus
1042 335 1178 375 animo
1198 341 1256 375 est
1275 349 1399 389 usque
1420 335 1570 385 adhuc}

91 405 192 450 Quae
210 417 300 444 meo
319 416 489 456 cumque
504 403 638 442 animo
651 401 822 442 lubitum
840 402 897 450 ’st,
915 402 1045 441 facere
1062 415 1071 440 ε
1102 401 1190 441 eine
1206 415 1279 454 ego
1294 407 1339 440 ut
1357 402 1565 442 advorser?

250 470 317 510 hei
335 470 459 509 mihi!
1482 479 1486 482 ·

92 537 295 576 Incertum
311 537 369 586 ’st,
386 536 482 589 quid
500 549 629 589 agam.
697 535 784 574 MY.
824 534 974 574 Misera
992 534 1124 583 timeo,
1141 533 1336 573 incertum
1356 533 1430 573 hoc
1449 548 1564 588 quor—

251 618 317 644 sus
337 604 502 644 accidat.

89 671 164 712 Sed
185 684 292 710 nunc
310 684 480 723 peropus
502 669 559 715 'st,
581 674 650 708 aut
667 667 774 707 hunc
794 681 886 707 cum
905 667 1002 719 ipsa,
1025 672 1094 706 aut
1112 667 1161 706 de
1181 666 1249 705 illa
1267 680 1332 705 me
1352 666 1562 707 adversum

247 737 354 777 hunc
373 737 493 790 loqui.
771 733 776 736 ¹
1503 737 1556 772 30

88 805 198 844 Dum
216 804 259 843 in
278 804 398 844 dubio
419 808 477 842 est
495 801 663 850 animus,
680 801 800 855 paulo
814 806 1018 841 momento
1035 801 1115 841 huc
1135 800 1199 840 vel
1218 800 1311 840 illuc
1330 800 1559 854 impellitur.

88 872 158 911 ΡΑ.
198 871 296 916 Quis
314 871 380 910 hic
399 869 598 922 loquitur?
628 869 782 922 Mysis?
811 868 930 908 salve.
993 868 1098 920 ‚Mn
1141 868 1177 906 O
1198 867 1316 912 salve.
1340 866 1555 920 Pamphile.

247 938 320 977 ΡΑ.
361 938 468 982 Quid
486 937 597 990 agit?
675 936 762 975 MY.
805 936 965 988 Rogas?

86 1007 258 1046 Laborat
276 1019 298 1045 e
317 1005 472 1054 dolore;
503 1010 622 1057 atque
643 1018 693 1043 ex
711 1003 786 1042 hoc
806 1003 950 1042 misera
969 1001 1137 1041 sollicita
1156 1008 1225 1048 est,
1248 1002 1352 1041 diem

84 1073 189 1118 Quia
207 1072 302 1112 olim
320 1072 363 1111 in
382 1072 490 1111 hunc
511 1076 603 1111 sunt
622 1070 846 1110 constitutae
866 1069 1042 1122 nuptiae:
1074 1075 1159 1108 tum
1179 1075 1313 1108 autem
1339 1069 1412 1108 hoc
1434 1069 1557 1115 timet,

84 1140 147 1179 Ne
167 1140 323 1189 deseras
342 1152 395 1178 se.
481 1138 552 1176 ΡΑ.
597 1137 717 1184 Hem,
740 1149 865 1189 egone
883 1135 984 1175 istuc
1005 1136 1140 1175 conari
1160 1136 1332 1188 queam?
1506 1138 1556 1174 35

85 1206 212 1259 Egon’
232 1211 393 1259 propter
410 1218 474 1244 me
494 1204 606 1243 illam
626 1203 754 1256 decipi
775 1203 963 1242 miseram
982 1203 1142 1242 sinam?

82 1275 182 1318 Quae
201 1273 303 1312 mihi
320 1286 436 1312 suum
455 1271 635 1311 animum
655 1276 774 1323 atque
795 1283 958 1308 omnem
977 1270 1101 1308 vitam
1121 1269 1318 1309 credidit?

82 1342 213 1385 Quam
233 1354 307 1393 ego
326 1339 460 1379 animo
480 1338 638 1392 egregie
657 1351 790 1377 caram
810 1350 882 1390 pro
900 1350 1024 1376 uxore
1042 1335 1279 1376 habuerim?

82 1408 190 1447 Bene
210 1412 249 1446 et
266 1405 410 1459 pudice
430 1405 514 1458 ejus
533 1405 694 1444 doctum
713 1410 831 1456 atque
851 1402 1050 1451 eductum,
1074 1403 1214 1450 sinam,

82 1474 272 1514 Coactum
292 1477 468 1525 egestate
487 1471 693 1526 ingenium
714 1470 989 1509 immutarier?
1498 1471 1553 1508 40

81 1539 174 1578 Non
193 1539 349 1578 faciam.
435 1537 522 1576 MY.
569 1536 692 1576 Haud
711 1550 859 1583 verear,
881 1535 913 1574 si
932 1536 974 1574 in
994 1541 1033 1574 te
1052 1535 1103 1574 sit
1116 1535 1199 1575 solo
1218 1536 1337 1575 situm
1354 1550 1362 1574 :

80 1604 158 1644 Sed
175 1610 221 1643 ut
239 1604 322 1643 vim
341 1617 462 1656 queas
480 1603 593 1642 serre.
681 1601 753 1640 ΡΑ.
795 1601 961 1640 Adeone
981 1614 1046 1640 me
1065 1601 1254 1653 ignavom
1273 1602 1416 1654 putas?

79 1669 234 1710 Adeon'
253 1683 370 1723 porro
388 1669 602 1722 ingr-amm,
625 1674 694 1706 aut
713 1667 992 1715 inhumanum,
1013 1672 1083 1706 aut
1100 1667 1242 1715 ferum,

79 1737 134 1775 Ut
153 1750 284 1788 neque
303 1750 369 1775 me
390 1735 645 1782 consuetudo,
662 1748 792 1787 neque
812 1747 935 1781 amor,
957 1748 1087 1787 neque
1107 1734 1234 1787 pudor

77 1802 349 1850 Commoveat,
370 1815 502 1855 neque
521 1806 784 1849 commoneat,
805 1805 852 1839 ut
870 1814 1024 1840 servem
1043 1800 1191 1840 fidem?
1500 1803 1551 1841 45

76 1869 163 1907 Mv.
210 1869 347 1908 Unum
364 1868 440 1908 hoc
460 1869 551 1916 scio,
574 1881 658 1907 esse
678 1867 872 1919 meritam,
894 1872 939 1906 ut
957 1880 1111 1906 memor
1130 1881 1233 1906 esses
1253 1867 1325 1906 sui.

75 1937 148 1976 ΡΑ.
194 1936 352 1977 Memor
371 1949 524 1976 essem.
512 1937 528 1964 ’θ
556 1949 580 1974 o
600 1934 740 1987 Mysis,
760 1933 900 1986 Mysis,
923 1934 1043 1973 etiam
1063 1947 1171 1973 nunc
1192 1933 1290 1973 mihi

77 2004 231 2057 Scripta
247 2003 317 2043 illa
335 2008 428 2043 sunt
445 2002 488 2042 in
509 2002 644 2042 animo
664 2002 770 2041 dicta
791 2001 994 2054 Chrysidis

75 2071 137 2111 De
159 2070 344 2123 Glycerio
361 2085 370 2110 ε
396 2070 484 2123 jam
502 2070 627 2109 ferme
647 2069 820 2108 moriens
839 2083 905 2108 me
924 2075 1041 2108 vocat
1057 2084 1064 2107 :

11 2189 14 2192 y
75 2138 258 2178 Accessi:
288 2151 358 2177 vos
377 2143 539 2177 semotae
558 2151 565 2175 :
596 2150 668 2176 nos
688 2136 782 2176 soli:
813 2136 975 2188 incipit:
1498 2138 1549 2174 50

64 2205 136 2245 'Mi
157 2204 375 2258 Pamphile,
396 2204 516 2258 hujus
533 2204 704 2243 formam
723 2208 842 2256 atque
862 2208 1023 2242 aetatem
1044 2202 1175 2242 vides:

74 2273 159 2312 Nec
180 2271 283 2311 clam
302 2277 341 2310 te
361 2276 430 2319 est,
453 2284 573 2323 quam
592 2269 651 2309 illi
670 2275 849 2322 utraeque
868 2282 930 2308 res
951 2282 1057 2307 nunc
1076 2269 1193 2308 utiles

75 2338 128 2377 Et
145 2338 196 2377 ad
213 2337 445 2391 pudicitiam
465 2341 505 2376 et
522 2336 574 2375 ad
592 2349 677 2374 rem
696 2335 905 2374 tutandam
925 2334 1038 2373 sient.

47 2440 55 2445 ,
73 2403 189 2448 Quod
206 2409 245 2442 te
264 2416 338 2456 ego
355 2416 428 2455 per
446 2402 627 2441 dextram
647 2400 751 2439 hanc
771 2413 850 2448 or0‚
874 2406 914 2438 et
932 2413 1003 2452 per
1024 2400 1199 2440 Genium
1220 2406 1344 2449 tuum,

75 2472 151 2510 Per
169 2476 279 2510 tuam
297 2470 430 2518 fidem,
450 2483 601 2522 perque
620 2468 739 2520 hujus
759 2467 1023 2516 solitudinem,
1494 2472 1545 2508 55

71 2536 129 2577 Te
147 2537 330 2584 obtestor,
350 2550 402 2575 ne
422 2536 491 2575 abs
511 2540 550 2574 te
567 2535 672 2573 hanc
694 2546 887 2585 segrege8‚
909 2546 990 2572 neu
1009 2533 1164 2572 deseras
1182 2548 1190 2571 ε

75 2601 116 2642 Si
134 2607 173 2641 te
190 2602 234 2642 in
251 2601 436 2654 germani
453 2600 586 2640 fratris
605 2599 727 2639 dilexi
746 2598 844 2646 loco,

73 2663 163 2705 Sive
181 2663 268 2703 haec
288 2670 327 2703 te
346 2663 474 2703 solum
494 2676 650 2714 semper
667 2661 763 2701 fecit
779 2661 971 2709 maxumi,

74 2731 153 2770 Seu
170 2730 241 2770 tibi
259 2729 456 2782 morigera
474 2729 551 2768 fuit
569 2728 611 2767 in
630 2729 747 2767 rebus
767 2727 962 2766 omnibus.

72 2795 130 2837 Te
147 2796 212 2837 isti
230 2797 358 2837 virum
378 2797 440 2845 do,
462 2796 648 2844 amicum,
670 2800 852 2842 tutorem,
874 2799 1039 2847 patrem.
1491 2794 1544 2831 60
