1670 3080
90 139 184 186 1:36
694 156 934 188 ADELPHI.

88 241 166 280 DE.
207 242 386 281 Fortiter.
472 242 539 282 ΒΥ.
579 242 788 295 Perquam,
823 244 915 296 quia
947 244 1132 284 miseram
1164 242 1371 283 mulierem
1404 249 1444 283 et
1475 256 1538 282 me

248 308 457 356 servolum,
1087 306 1098 317 ‘
1489 322 1494 326 ’

87 374 167 418 Qui
185 375 343 413 referire
362 387 443 414 non
463 375 668 423 audebam,
690 375 808 415 vicit:
836 375 930 415 hui!
961 372 1194 434 perfortiter.

88 439 165 480 DE.
206 441 297 480 Non
317 442 446 494 potuit
464 441 630 482 melius:
659 441 778 492 idem,
799 443 905 495 quod
924 457 1008 496 eg0,
1030 438 1162 491 sensit,
1176 448 1232 482 te
1258 456 1340 482 esse
1365 442 1458 482 huic
1483 443 1540 482 rei

249 521 295 546 ca
322 513 378 547 ut.

88 571 165 612 Sed
184 521 462 613 estnepfrater'
451 574 581 613 intus.
570 574 586 602 '²
650 575 716 614 Sr.
756 574 849 614 Non
870 582 939 614 est.
998 576 1076 615 De.
1114 576 1192 616 Ubi
1219 574 1331 615 illum
1351 589 1538 630 quaeram,

246 639 387 692 cogito.
1485 646 1539 683 30

86 704 152 742 8Υ.
194 704 292 753 Scio,
314 705 382 744 ubi
401 705 462 753 sit,
483 718 621 745 verum
639 704 756 746 hodie
775 719 980 760 nunquam
1000 682 1238 748 monstrabo.
1296 708 1375 748 Dm.
1401 708 1509 748 Hem
1527 709 1536 748 !

245 771 340 824 quid
357 772 440 812 ais.
428 773 445 800 Ῥ
500 773 566 812 SY.
606 772 681 812 Ita.

84 835 163 875 Da.
204 836 458 877 Diminuetur
490 838 562 878 tibi
595 837 756 891 quidem
783 840 870 893 jam
906 840 1123 880 cerebrum.
1210 841 1277 880 ΞΥ.
1317 842 1374 880 At
1390 855 1538 881 nomen

244 903 378 942 nescio

84 966 196 1006 Illius
215 967 397 1018 hominis,
419 969 488 1009 sed
505 969 635 1009 locum
655 970 759 1019 novi,
780 971 848 1010 ubi
867 972 928 1011 sit.
1013 972 1091 1012 DE.
1126 973 1202 1012 Die
1223 987 1316 1027 ergo
1334 974 1476 1014 locum.

83 1033 148 1071 SY.
180 1033 336 1073 Nostin’
355 1035 548 1087 porticum
568 1036 675 1089 apud
691 1036 902 1076 macellum
921 1037 996 1077 hac
1016 1039 1229 1078 deorsum?
1284 1040 1363 1079 Da.
1386 1039 1536 1085 Quidni

241 1101 418 1140 noverim
431 1101 447 1139 ’.θ

81 1165 147 1205 Sr.
187 1165 391 1206 Praeterito
410 1166 484 1207 hac
503 1172 610 1207 recta
628 1167 760 1221 platea
779 1181 933 1208 sursus:
963 1169 1031 1209 ubi
1050 1183 1097 1210 eo
1116 1170 1282 1219 veneris,
1482 1174 1533 1212 35

81 1229 211 1270 Clivos
230 1232 413 1271 deorsum
433 1247 591 1272 vorsum
611 1239 694 1283 est;
723 1233 798 1274 hac
818 1239 857 1273 te
876 1235 1122 1289 praecipitato
1138 1251 1147 1275 :
1176 1241 1314 1290 postea

79 1297 151 1335 Est
169 1297 219 1337 ad
238 1298 340 1338 hanc
360 1313 524 1339 manum
545 1300 733 1341 sacellum
750 1315 759 1340 ε
789 1301 844 1340 ibi
863 1302 1115 1356 angiportum
1134 1309 1294 1357 propter
1313 1309 1390 1343 est:

79 1363 179 1413 Illic,
206 1365 274 1404 ubi
302 1365 420 1405 etiam
449 1366 655 1419 caprificus
686 1381 834 1420 magna
860 1373 930 1407 est.
1015 1368 1093 1408 DE.
1134 1369 1251 1408 Novi.
1337 1370 1403 1410 Sr.
1444 1371 1534 1411 Hac

237 1431 402 1483 pergito.

77 1495 155 1534 Da.
206 1496 254 1536 Id
291 1497 452 1550 quidem
488 1497 740 1551 angiportum
778 1511 857 1538 non
894 1504 954 1539 est
989 1500 1181 1553 pervium.
1267 1502 1333 1542 ΒΥ.
1382 1502 1533 1543 Verum

235 1562 380 1602 hercle.
439 1563 553 1603 Vah!
1114 1607 1118 1612 ,

76 1628 255 1678 Censen’,
275 1629 479 1670 hominem
498 1645 562 1671 me
583 1633 697 1672 esse?
716 1632 843 1672 erravi
859 1647 868 1672 :
888 1633 929 1672 in
949 1633 1144 1687 porticum
1162 1647 1317 1675 rursum
1335 1635 1441 1676 redi:
1479 1639 1532 1676 40

75 1696 177 1735 Sane
196 1695 271 1736 hac
291 1697 415 1737 multo
433 1698 593 1752 propius
611 1699 696 1748 ibis,
719 1705 758 1738 et
775 1699 906 1739 minor
924 1706 983 1739 est
1001 1700 1154 1740 erratio.

74 1762 178 1802 Scin'
209 1763 357 1803 Cratini
392 1764 510 1817 hujus
546 1765 636 1805 ditis
673 1766 805 1806 aedes?
906 1766 983 1806 DE.
1034 1766 1133 1806 Scio.
1236 1767 1302 1807 Sr.
1350 1768 1429 1808 Ubi
1464 1782 1532 1809 eas

232 1830 478 1882 praeterieris,

73 1898 140 1937 Ad
159 1898 357 1938 sinistram
376 1899 451 1939 hac
470 1909 579 1940 recta
596 1901 750 1954 platea;
781 1902 849 1941 ubi
868 1902 919 1941 ad
938 1901 1082 1943 Dianae
1103 1902 1269 1951 veneris,

72 1963 91 2002 Ι
96 1969 135 2002 to
154 1964 205 2003 ad
224 1964 403 2004 dextram
419 1979 429 2004 :
448 1966 557 2019 prius
576 1980 695 2019 quam
715 1967 766 2006 ad
784 1973 938 2020 portam
958 1969 1104 2016 venias,
1126 1968 1232 2022 apud
1250 1969 1380 2022 ipsum
1398 1969 1528 2011 laeum

73 2030 144 2069 Est
181 2030 359 2083 pistrilla,
394 2037 435 2070 et
464 2031 724 2072 exadvorsum
755 2033 904 2072 fabrica
921 2048 929 2071 ε
972 2033 1027 2072 ibi
1058 2039 1125 2073 est.
1211 2035 1288 2073 Da.
1338 2036 1445 2080 Quid
1474 2036 1529 2076 ibi

230 2097 351 2136 facit?
1470 2105 1521 2144 45

72 2163 138 2202 SY.
178 2163 361 2203 Lectulos
379 2164 421 2203 in
441 2164 520 2204 sole
539 2164 672 2218 ilignis
690 2166 857 2217 pedibus
875 2167 1082 2207 faciundos
1100 2168 1220 2208 dedit.

70 2229 149 2268 Dn.
188 2229 266 2268 Ubi
285 2231 428 2282 potetis
447 2231 546 2270 vos?
572 2231 674 2270 bene
694 2245 812 2271 sane:
842 2233 911 2273 sed
929 2247 1038 2274 cesso
1057 2235 1109 2274 ad
1128 2248 1219 2274 eum
1237 2237 1432 2289 pergere?

71 2296 138 2334 Sv.
179 2295 199 2334 I
220 2309 336 2335 sane:
367 2310 441 2349 ego
460 2302 499 2336 te
519 2298 710 2338 exercebo
728 2298 858 2349 hodie,
879 2306 924 2339 ut
942 2300 1086 2354 dignus
1106 2316 1159 2351 eS,
1180 2303 1434 2344 silicernium.

68 2361 283 2401 AEschinus
302 2362 458 2402 odiosus
478 2369 627 2403 cessat:
656 2365 868 2416 prandium
887 2368 1174 2420 corrumpitur·

71 2427 255 2480 Ctesipho
274 2433 406 2467 autem
426 2429 467 2468 in
487 2443 620 2470 amore
642 2436 701 2470 est
719 2436 847 2471 totus:
879 2446 953 2485 ego
966 2434 1052 2486 jam
1070 2435 1308 2488 prospiciam
1326 2436 1451 2476 mihi.
1471 2441 1525 2478 50

70 2493 207 2532 Nam
189 2506 275 2545 Jam
296 2493 422 2542 adib0‚
443 2500 561 2547 atque
580 2510 704 2535 unum
725 2497 923 2550 quicquid,
945 2499 1051 2551 quod
1078 2500 1239 2553 quidem
1264 2499 1349 2541 erit
1361 2489 1525 2543 bellissi—

230 2572 353 2608 mum,

71 2626 262 2678 Carpam:
294 2632 333 2664 et
352 2627 513 2678 cyathos
533 2628 723 2668 sorbilans
741 2629 930 2682 paulatim
950 2630 1057 2671 hunc
1075 2632 1289 2684 producam
1309 2633 1427 2674 diem.
