1670 3080
521 92 679 124 Ac'rus
714 92 763 123 v·
835 93 996 124 SCENA
1035 94 1090 124 11.
1437 83 1530 129 209

55 168 57 171 ¹
74 180 150 220 Cn.
172 178 407 220 Conclusam
421 177 486 218 hic
501 177 629 218 habeo
642 191 809 218 uxorem
829 192 977 218 saevam
995 193 1004 217 :
1026 192 1163 218 verum
1180 180 1277 219 istoc
1293 195 1358 230 me
1371 185 1534 223 nomine

73 247 133 286 Eo
150 259 357 299 perperam
377 245 472 284 olim
491 245 586 293 dixi,
607 258 658 284 ne
677 259 748 284 vos
766 245 866 284 forte
886 246 1157 298 imprudentes
1177 247 1272 286 foris

71 311 313 361 Effutiretis;
343 317 461 365 atque
481 311 522 350 id
540 325 656 364 porro
676 310 809 364 aliqua
827 325 927 350 uxor
946 326 1037 350 mea
1055 312 1295 352 rescisceret.

71 379 135 418 So.
175 379 280 418 Istoc
298 378 366 431 pol
385 392 457 417 nos
477 383 517 418 te
534 378 598 417 hic
617 378 797 417 invenire
816 378 971 417 miserae
991 392 1197 432 nunquam
1216 380 1429 432 potuimus.
1478 384 1531 420 20

69 445 143 485 Cn.
182 444 271 485 Eho
290 445 353 485 dic
372 444 483 493 mihi,
508 444 602 496 quid
620 443 678 483 rei
697 444 770 483 tibi
789 450 849 483 est
867 458 958 483 cum
977 444 1128 484 familia
1146 445 1233 494 hac,
1255 446 1362 486 unde
1383 447 1493 486 exis?

68 512 148 552 Ubi
166 512 275 552 illae?
331 513 396 551 So.
436 511 627 550 Miseram
645 511 738 550 me!
798 512 872 550 Cn.
914 512 1049 551 Hem!
1081 513 1177 566 quid
1196 514 1283 552 est?
1310 514 1532 554 vivuntne?

227 579 294 618 So.
334 579 445 618 Vivit
463 583 596 631 gnata.
1354 623 1357 626 ‚

68 645 243 686 Matrem
261 646 389 699 ipsam
409 659 460 685 ex
477 644 712 698 aegritudine
731 644 918 683 miseram
937 659 1043 684 mors
1062 652 1275 685 consecuta
1295 652 1365 686 est.

65 713 140 752 Cn.
180 713 291 753 Male
318 713 481 752 factum.
566 713 632 752 So.
671 712 758 765 Ego
784 717 930 760 autem,
953 726 1043 765 quae
1077 726 1202 752 essem
1229 726 1328 752 anus
1360 713 1526 762 deserta,

225 793 359 833 egens,
380 779 528 832 ignota,

66 846 122 886 Ut
138 846 261 900 potui,
281 852 452 900 nuptum
470 846 667 898 virginem
685 845 813 885 locavi
831 845 925 885 huic
944 845 1199 894 adulescenti,
1474 850 1525 887 25

65 913 221 954 Harum
241 913 310 966 qui
328 918 386 952 est
405 913 589 952 dominus
607 912 767 952 aedjum.
850 912 926 951 Cu.
966 912 1274 966 Antiphonine?
1348 913 1413 953 So.
1439 915 1527 957 ,Isti

223 980 388 1032 inquam
407 979 494 1033 ipsi.

63 1047 138 1087 Cn.
178 1046 314 1092 Quid?
341 1046 492 1086 duasne
522 1047 555 1086 is
586 1047 760 1086 uxores?
843 1048 908 1087 So.
957 1047 1051 1086 Au!
1095 1047 1268 1097 obsecro,
1303 1061 1426 1088 unam
1460 1049 1525 1088 ille

224 1112 384 1166 quidem
403 1112 507 1152 hanc
526 1113 662 1152 solam.

63 1179 138 1219 Cn.
171 1179 278 1224 Quid
296 1179 406 1218 illam
424 1179 601 1227 alteram,
624 1193 713 1231 quae
733 1179 877 1219 dicitur
896 1181 1093 1233 cognataſs.²
1150 1182 1215 1220 So.
1244 1181 1347 1221 Haec
1368 1183 1524 1235 ergo'st.

225 1247 299 1286 Cn.
348 1246 456 1290 Quid
474 1246 561 1291 ais?

64 1314 129 1353 So.
170 1313 395 1366 Composito
413 1312 625 1362 factum’st,
647 1326 725 1366 quo
744 1314 862 1354 modo
880 1313 984 1353 hanc
1004 1327 1142 1353 amans
1161 1314 1307 1355 habere
1326 1323 1458 1368 posset

64 1379 158 1419 Sine
178 1380 282 1419 dote.
339 1379 414 1418 Cu.
435 1379 508 1419 ‘Di
528 1384 699 1419 vostram
719 1380 851 1429 fidem,
874 1394 994 1432 quam
1013 1394 1118 1433 saepe
1138 1381 1237 1420 forte
1258 1386 1407 1421 temere
1471 1385 1524 1421 30

64 1446 277 1494 Eveniunt,
299 1459 389 1498 quae
408 1459 489 1484 non
509 1446 655 1485 audeas
674 1452 809 1499 optare
827 1447 836 1486 ἔ
867 1447 1013 1487 offendi
1033 1448 1260 1497 adveniens,

62 1512 233 1557 Quicum
254 1512 446 1560 volebam,
468 1518 585 1564 atque
603 1518 649 1551 ut
667 1513 860 1562 volebam,
881 1513 1005 1554 filiam
1022 1513 1192 1553 locatam
1209 1528 1219 1553 :

62 1578 179 1623 Quod
197 1591 270 1618 nos
289 1578 406 1618 ambo
425 1592 543 1631 opere
562 1592 752 1618 maxumo
771 1579 962 1618 dabamus
979 1593 1141 1632 operam
1160 1585 1206 1619 ut
1224 1580 1348 1629 fieret,

63 1645 156 1685 Sine
175 1650 311 1685 nostra
329 1658 425 1684 cura
442 1658 642 1694 maxuma,
664 1660 735 1685 sua
755 1660 848 1685 cura
865 1646 954 1686 haec
974 1649 1055 1686 sola
1073 1647 1178 1687 fecit.

62 1713 128 1751 So.
159 1711 290 1759 Nunc,
313 1711 408 1764 quid
427 1725 524 1764 opus
542 1711 648 1751 facto
667 1711 728 1760 sit,
749 1712 838 1751 vide
856 1724 865 1753 :
894 1719 1007 1766 pater
1025 1713 1288 1752 adulescentis
1307 1715 1439 1753 venit:
1470 1717 1521 1755 35

63 1779 244 1831 Eumque
267 1778 401 1818 animo
420 1778 557 1830 iniquo
576 1777 651 1817 hoc
671 1778 816 1832 oppido
834 1779 936 1818 ferre
957 1779 1079 1818 aiunt.
1137 1780 1212 1819 Cn.
1235 1779 1306 1819 Nil
1323 1781 1521 1834 pericli'st.

63 1846 143 1886 Sed
174 1859 246 1899 per
274 1845 382 1885 Deos
412 1851 530 1898 atque
559 1844 753 1894 homines,
788 1859 921 1885 meam
953 1859 1035 1885 esse
1068 1845 1172 1885 hanc
1206 1860 1302 1886 cave
1335 1847 1524 1887 resciscat

220 1912 441 1966 quisquam.

63 1980 127 2019 So.
150 1979 281 2018 Nemo
302 1992 353 2018 ex
370 1991 435 2017 me
455 1977 582 2017 scibit.
624 1977 698 2016 Cn.
721 1977 893 2029 Sequere
913 1990 977 2016 me
995 1991 1003 2000 ·
1027 1977 1132 2016 intus
1151 1982 1284 2017 cetera
1301 1977 1520 2017 audiemus

498 2177 677 2217 ACTUS
707 2177 758 2216 V.
817 2176 998 2216 SCENA
1028 2176 1086 2216 11.

588 2278 804 2318 Dsmxrno.
855 2277 987 2316 Gan.

15 2395 42 2437 μ
61 2387 140 2426 ΒΕ.
161 2385 373 2441 NPQR‘?
388 2381 511 2439 guipa
527 2381 706 2436 facimus,
727 2378 915 2436 lisimalffi
927 2378 1121 2432 expediat
1138 2392 1222 2419 esse
1240 2393 1249 2418 ε

62 2453 172 2493 Dum
190 2451 361 2491 nimium
381 2449 458 2488 dici
476 2462 548 2488 nos
566 2448 691 2486 bonos
709 2446 912 2486 studemus
931 2451 971 2484 et
987 2445 1193 2498 benignos.

88 2524 130 2559 ta
146 2517 276 2570 fugias
293 2530 345 2555 ne
363 2520 508 2568 praeter
526 2526 672 2560 casam,
693 2510 798 2564 quod
818 2502 987 2574 aiunt-{—
999 2510 1146 2550 Nonne
1164 2510 1206 2550 id
1225 2515 1285 2550 sat
1304 2518 1399 2560 erat,

66 2584 259 2638 Accipere
278 2583 327 2622 ab
346 2581 415 2621 illo
433 2579 650 2632 injuriam?
678 2577 798 2616 etiam
818 2576 1078 2628 argentum'st
1095 2576 1199 2616 ultro
1218 2577 1440 2631 objectum:

66 2653 123 2691 Ut
140 2652 201 2700 sit,
222 2651 291 2704 qui
307 2650 427 2698 vivat,
448 2649 543 2688 dum
563 2645 671 2686 aliud
689 2643 838 2696 aliquid
855 2643 981 2696 flagiti
1000 2643 1194 2684 conficiat.
1495 2648 1520 2685 5

71 2719 148 2760 Gr..
186 2716 433 2762 Planissime.
536 2713 615 2755 Da.
665 2711 720 2755 Iis
738 2723 846 2754 nunc
864 2709 1076 2766 praemium
1094 2715 1165 2759 est,
1187 2709 1256 2764 qui
1273 2716 1382 2750 recta
1399 2723 1522 2764 prava

221 2783 386 2824 faciunt.
