1670 3080
169 130 225 176 11
236 129 267 176 4
564 144 811 176 HEAUTON
846 144 1230 177 TIMORUMENOS.

171 229 318 270 Faciet.
403 229 478 270 Cn.
517 229 589 269 Nil
618 231 739 270 etiam
772 230 888 269 audio
916 230 1059 283 ipsum.
1145 232 1214 270 Cn.
1254 231 1372 272 Perii.
1456 233 1520 274 So.
1558 233 1627 274 An
1668 244 1670 247 ⁴

327 297 495 346 dubitas,
519 296 720 350 Clitipho?

167 364 242 404 Cu.
283 364 414 403 Immo
436 369 571 403 utrum
590 364 682 403 volt.
769 364 855 403 ΜΕ.
897 364 1033 404 Faciet
1061 365 1206 404 omnia.
1293 366 1359 406 So.
1403 365 1504 406 Haec
1530 366 1627 407 dum

326 430 503 483 incipias,
525 431 662 483 gravia
678 436 773 470 sunt
789 445 798 470 :

165 497 353 551 Dumque
373 497 556 550 ignores:
585 498 654 537 ubi
673 499 866 551 cognoris,
887 499 1030 538 facilia.
1116 499 1185 538 CL.
1226 499 1400 548 Faciam,
1420 504 1543 553 pater.
1575 502 1624 540 15

165 565 231 604 So.
263 565 394 605 Gnate
424 565 491 614 mi,
523 579 596 618 ego
624 565 691 619 pol
721 566 792 604 tibi
819 566 920 605 dabo
948 566 1058 604 illam
1082 565 1268 619 lepidam,
1297 579 1417 620 quam
1443 571 1488 606 tu
1508 566 1625 607 facile

326 645 445 680 ames,

165 697 304 745 Filiam
327 698 587 738 Phanocratae
606 699 741 738 nostri.
827 700 895 738 CL.
935 699 1136 739 Rufamne
1155 699 1266 739 illam
1286 699 1494 753 virginem,

164 764 345 813 Caesiam,
366 778 500 818 sparso
520 779 598 814 ore,
620 766 774 805 adunco
794 767 916 805 naso?
945 780 1025 805 non
1046 779 1218 819 possum,
1238 772 1363 820 pater.

164 830 239 870 Cn.
280 830 398 879 Heia,
419 835 465 870 ut
483 831 643 884 elegans
663 832 744 870 est!
775 832 911 871 credas
930 832 1109 871 animum
1127 833 1183 871 ibi
1202 846 1298 872 esse.
1384 833 1450 872 So.
1488 832 1624 874 Aliam

164 961 233 1001 Cn.
274 897 427 1011 lniiiild?
452 963 773 1017 quandoquidem
807 964 988 1004 ducenda
1021 969 1090 1007 est,
1130 970 1290 1017 egomet
1319 963 1447 1005 habeo
1482 979 1624 1020 prope-

323 1029 499 1079 modum,
1569 1035 1624 1072 20

163 1097 294 1140 Qxam
312 1096 413 1136 volo.
463 1098 527 1137 So.
549 1098 668 1137 Nunc
688 1097 817 1148 laudo,
837 1104 970 1151 gnate.
1020 1099 1089 1137 Cn.
1111 1097 1331 1139 Archonidi
1348 1098 1466 1152 hujus
1485 1098 1621 1139 filiam.

163 1162 229 1202 So.
279 1163 496 1217 Perplacet.
590 1165 659 1204 CL.
710 1166 838 1211 Pater,
877 1165 953 1204 hoc
991 1178 1098 1204 nunc
1135 1171 1268 1205 restat.
1363 1165 1438 1205 Cn.
1487 1165 1624 1212 Quid?

325 1230 393 1270 CL.
434 1231 532 1284 Syro
550 1230 730 1284 ignoscas
750 1231 850 1280 volo,

162 1298 264 1342 Quae
282 1308 368 1339 mea
391 1309 511 1336 causa
527 1296 634 1336 fecit.
720 1298 794 1338 Cn.
835 1297 935 1338 Fiat.
994 1298 1077 1338 Vos
1094 1298 1233 1348 valete,
1256 1305 1295 1339 et
1312 1297 1500 1353 plaudite.
