1670 3080
51 42 66 59 d
101 0 217 64 {⁶1:1³²
248 44 285 62 tt
308 53 316 61 ι.
347 4 475 66 ‘fl-{2¹12
502 10 529 65 'f'
794 13 797 17 ἡ
831 6 833 10 V
1319 0 1357 62 ‘17
1501 0 1536 52 L)
1618 0 1632 37 ¹
1665 7 1670 22 ¹

103 128 126 174 1
135 127 200 175 92
733 143 904 176 PHORM
912 146 975 178 10.

102 231 180 269 Gn.
221 228 499 277 Meministin',
522 228 617 269 olim
635 235 681 269 ut
699 230 818 270 fuerit
836 238 970 272 vostra
989 234 1114 274 oratio

100 296 149 335 In
170 309 212 336 re
231 295 464 349 incipiunda
482 295 535 335 ad
553 295 846 337 defendendam
867 299 1042 348 noxiam,

97 364 123 402 J
126 369 256 403 ustam
276 363 387 404 illam
407 377 580 412 causam,
602 364 775 413 facilem,
797 365 1039 423 vincibilem,
1062 368 1298 421 optumam?
1324 352 1439 407 αι(
1421 345 1546 402 ιοίζ

98 431 172 470 ΡΗ.
215 430 399 471 Memini.
486 432 564 471 Ga.
606 431 741 471 Hem'
771 446 880 472 nunc
913 433 1000 486 ipsa
1004 434 1050 473 ‘st
1075 449 1173 488 opus
1203 450 1275 486 ea;
1306 441 1385 486 aut,
1412 436 1446 476 si
1474 436 1570 490 quid

256 503 397 551 potest,
1515 506 1568 544 50

97 564 264 604 Meliore
286 571 326 604 et
345 565 558 605 callidiore.
647 566 722 605 Pu.
764 565 852 605 Fiet
873 567 1023 606 sedulo.

96 632 173 670 Gn.
216 631 336 671 Nunc
356 632 464 685 prior
483 632 589 671 adito
610 638 679 671 tu:
711 646 785 685 ego
805 632 846 672 in
867 633 1050 673 subsidiis
1070 633 1133 673 hic
1155 647 1221 674 ero

94 698 428 747 Succenturiatus,
451 698 483 738 si
503 698 599 751 quid
618 698 791 738 deficias.
880 700 954 739 Pu.
996 701 1098 753 Age.

61 762 107 795 ιγ,
167 785 175 793 ,
256 767 262 774 ·

546 897 724 938 ACTUS
756 899 814 938 ΙΙ.
873 899 1054 939 SCENA
1086 900 1119 939 Ι.

474 1000 690 1040 ΒΕΜΙΡΗΟ.
760 1002 895 1041 Gen.
965 1002 1182 1042 PuAEDmA.

91 1122 169 1161 Da.
213 1122 327 1161 Itane
348 1121 511 1161 tandem
530 1135 697 1161 uxorem
719 1121 833 1161 duxit
853 1122 1065 1176 Antipho
1053 1123 1206 1176 injussu
1225 1126 1345 1164 meo?

19 1217 21 1220 -
90 1189 177 1228 Nec
197 1203 332 1228 meum
353 1188 591 1242 imperium:
613 1202 659 1227 ac
679 1189 793 1228 mitto
804 1189 1048 1244 imperium:
1071 1204 1150 1230 non
1167 1192 1409 1233 simultatem
1429 1207 1561 1234 meam

91 1255 280 1294 Revereri
301 1255 472 1294 saltem?
499 1267 581 1292 non
600 1254 779 1307 pudere?
808 1255 844 1294 Ο
863 1255 1020 1294 facinus
1040 1257 1180 1306 audax,
1207 1259 1243 1297 O
1265 1258 1370 1298 Geta

91 1321 280 1361 Monitor.
341 1321 418 1360 GE.
455 1321 537 1360 Vix
556 1320 731 1359 tandem.
803 1320 883 1360 Da.
914 1321 1022 1365 Quid
1041 1322 1141 1362 mihi
1160 1323 1320 1363 dicent?
1347 1330 1417 1364 aut
1436 1337 1556 1378 quam

251 1403 413 1429 causam
433 1388 662 1442 reperient?

88 1455 286 1495 Duniror.
346 1456 424 1495 (ὶΕ.
447 1455 572 1516 Atqui
590 1453 720 1507 reperi
734 1453 846 1507 jam:
878 1453 986 1494 aliud
1005 1468 1111 1494 cura.
1171 1455 1250 1495 Da.
1274 1457 1341 1497 An
1360 1457 1435 1498 hoc
1455 1458 1562 1498 dicet

250 1522 379 1561 mihi?
446 1510 527 1533 a*
540 1532 554 1557 ³³.
572 1520 584 1536 ““
1424 1577 1428 1580 3
1532 1527 1558 1565 5

90 1590 244 1628 Invitus
263 1589 464 1638 feci31ex
483 1588 638 1640 coegit:
670 1587 815 1628 audio:
846 1589 983 1628 fateor.
1070 1591 1148 1629 Ga.
1189 1589 1339 1630 Places.

66 1650 67 1653 '
90 1655 164 1693 Dp..
207 1656 358 1694 Verum
380 1655 585 1702 scientem,
609 1654 785 1703 tacitum,
808 1669 969 1695 causam
988 1656 1142 1696 tradere
1162 1657 1408 1707 adversariis,

88 1723 219 1782 Etiam
239 1723 331 1762 idne
352 1722 419 1762 lex
438 1722 598 1774 coegit?
655 1723 733 1762 Gn.
763 1722 870 1762 Illud
889 1722 1046 1763 durum.
1105 1724 1182 1764 Pu.
1213 1723 1300 1778 Ego
1319 1725 1557 1779 expediam:

247 1789 344 1828 sine.

86 1855 164 1894 DE.
198 1855 293 1893 lnc‘²
275 1854 413 1894 ertum’
417 1860 462 1901 st,
485 1854 582 1907 quid
601 1867 742 1907 agam;
765 1855 858 1908 quia
878 1860 1023 1908 praeter
1042 1869 1167 1909 spem,
1188 1861 1308 1910 atque
1326 1856 1558 1899 incredibile
1630 1850 1651 1906 {J

246 1919 321 1959 hoc
341 1921 397 1958 mi
418 1920 585 1972 obtigit,
1631 1918 1634 1925 ¹

84 1987 147 2025 Ita
185 2000 273 2026 sum
311 1987 496 2035 irritatus,
532 1987 712 2026 animum
751 1994 797 2026 ut
833 2001 1031 2041 nequeam
1064 1989 1116 2028 ad
1145 1989 1402 2042 cogitandum
1442 1991 1555 2032 insti-

244 2058 367 2091 tuere.
1502 2061 1553 2097 10

83 2118 355 2162 Quamobrem
376 2132 526 2165 omneS,
545 2131 637 2157 cum
656 2118 842 2158 secundae
857 2133 919 2161 res
933 2125 1026 2159 sunt
1041 2134 1240 2171 maxume,
1257 2127 1344 2162 tum
1363 2137 1553 2164 maxume

85 2185 273 2226 Meditari
293 2198 429 2224 secum
449 2190 614 2238 oportet,
635 2198 714 2238 quo
733 2190 851 2238 pacto
870 2186 1079 2225 advorsam
1100 2200 1322 2228 aerumnam
1341 2188 1484 2230 ferant.

84 2251 248 2300 Pericla,
270 2251 429 2298 damna,
451 2250 572 2290 exilia
590 2263 754 2303 peregre
774 2250 932 2290 rediens
951 2264 1109 2304 semper
1128 2251 1286 2304 cogitet,

83 2319 168 2357 Aut
186 2317 244 2357 fili
261 2322 484 2370 peccatum,
505 2323 574 2356 aut
591 2316 726 2355 uxoris
745 2323 928 2366 mortem,
949 2323 1019 2356 aut
1036 2318 1222 2358 morbum
1241 2308 1335 2359 filiae
1351 2332 1361 2358 t

83 2383 322 2424 Communia
355 2397 438 2423 esse
470 2382 557 2422 haec
575 2396 583 2421 :
631 2396 683 2422 ne
718 2382 814 2436 quid
845 2382 990 2424 horum
1021 2396 1201 2436 unquam
1234 2384 1390 2424 accidat
1417 2384 1552 2425 animo

243 2464 403 2491 novom.
604 2466 610 2471 “
1114 2454 1130 2470 “
1500 2454 1549 2492 15

81 2517 282 2570 Quicquid
300 2524 445 2570 praeter
463 2529 575 2569 spem
595 2516 763 2564 eveniat,
785 2529 904 2555 omne
923 2516 965 2556 id
983 2516 1173 2570 deputare
1192 2529 1279 2556 esse
1297 2516 1341 2556 in
1358 2516 1480 2558 lucro.

83 2585 160 2623 GE.
202 2585 237 2623 O
260 2583 455 2630 Phaedria,
476 2582 707 2622 incredibile
728 2588 922 2635 quantum
942 2582 1084 2623 herum
1104 2589 1247 2624 anteeo
1266 2583 1486 2638 sapientia!
1538 2583 1554 2591 ⁹

83 2650 279 2690 Meditata
296 2650 395 2690 mihi
415 2655 507 2690 sunt
525 2651 661 2690 omnia
678 2664 769 2689 mea
787 2650 1051 2699 incommoda,
1071 2650 1192 2714 hel-up
1210 2651 1243 2691 si
1261 2650 1448 2692 redierit:

81 2716 371 2756 Molendum'st
388 2716 430 2755 in
449 2716 615 2770 pistrino
631 2731 640 2755 ε
670 2716 942 2770 vapulandum
958 2730 967 2756 :
997 2715 1228 2757 habendum
1247 2715 1485 2777 compedem

81 2785 193 2836 Opus
238 2783 320 2822 ruri
357 2783 585 2823 faciundum
605 2797 613 2822 :
666 2783 809 2823 horum
825 2789 829 2790 ⁷
855 2783 913 2822 nil
960 2783 1174 2837 quicquam
1211 2782 1368 2825 accidet
1410 2781 1556 2826 auium
1620 2794 1643 2844 [3

241 2862 400 2890 novom.
1419 2872 1430 2882 κ
1485 2849 1557 2893 ²⁰
1576 2872 1587 2894 >
1606 2842 1651 2915 ξ
