1670 3080
492 134 650 168 Aeros
686 126 774 166 111'.·
833 134 998 167 scENA
1033 134 1090 166 11.
1488 118 1548 167 19

91 220 148 260 St.
194 219 270 260 Vel
298 219 374 259 hoc
405 219 492 271 quis
521 232 603 258 non
633 218 779 266 credat,
815 217 884 269 qui
914 223 953 256 te
982 217 1098 265 norit,
1130 217 1266 256 abste
1293 230 1376 256 esse
1399 219 1552 256 ortum?

252 285 331 324 DA.
375 285 576 330 Quidnam
593 283 637 323 id
655 283 743 323 est?

91 351 147 391 St.
185 351 281 391 Non
298 351 520 404 imperabat
538 362 683 396 coram,
705 349 801 400 quid
819 361 918 401 opus
937 348 1043 386 facto
1062 353 1167 386 esset
1184 360 1391 400 puerperae
1409 361 1417 385 ε
1501 350 1551 386 10

90 415 169 457 Sed
185 422 394 470 postquam
415 429 572 468 egressa
593 415 649 463 'st‚
670 414 758 463 illis,
781 428 870 467 quae
891 419 984 453 sunt
1001 413 1119 461 intus,
1141 413 1293 455 clamat
1305 412 1353 451 de
1374 412 1450 451 via.

90 485 126 523 Ο
146 484 272 531 Dave,
292 483 391 522 itan'
411 488 645 522 contemnor
663 482 733 520 abs
752 486 790 520 te
806 482 822 520 Τ
849 486 918 520 aut
936 481 1043 519 itane
1064 480 1226 519 tandem
1245 479 1412 519 idoneus

87 550 179 590 Tibi
199 550 334 590 videor
353 563 449 598 esse,
472 562 591 601 quem
610 553 693 587 tam
713 553 847 601 aperte
866 547 1003 587 fallere
1022 547 1188 600 incipias
1208 546 1336 586 dolis?

90 615 238 656 Saltem
256 621 437 656 accurate
456 629 464 654 :
495 621 540 654 ut
557 614 683 654 metui
700 615 837 654 videar
855 620 972 662 certe,
994 614 1027 653 si
1044 614 1284 653 resciverim.

89 681 171 721 DA·
200 682 315 721 Certe
334 680 466 720 hercle
485 694 593 720 nunc
612 680 676 719 hic
696 693 737 718 se
756 679 864 732 ipsus
882 677 1125 727 fallit,‚haud
1143 693 1229 732 ego.
1297 679 1352 718 S1.
1389 678 1550 718 Edixin’

248 747 332 796 tibi,
1499 747 1549 784 15

88 813 373 853 Interminatus
391 826 492 860 sum,
512 824 565 850 ne
582 811 763 850 faceres?
789 824 888 850 num
908 811 1055 851 veritus
1072 811 1130 850 'si'
1158 811 1254 863 quid
1272 810 1436 850 retulit?

87 879 256 919 Credon'
277 879 347 918 tibi
363 878 440 918 hoc
459 891 579 926 nunc,
600 877 800 930 peperisse
819 876 923 916 hanc
943 891 966 916 e
987 876 1226 930 Pamphilo?

86 945 166 984 DA.
205 944 351 997 Teneo,
374 942 470 996 quid
489 948 593 982 erret
609 956 617 981 :
649 947 689 981 et
707 942 803 995 quid
821 956 938 994 agam
957 942 1096 982 habeo.
1193 942 1249 980 S1.
1290 940 1397 984 Quid
1415 940 1551 979 taces?

85 1010 164 1050 DA.
205 1009 312 1055 Quid
331 1009 496 1049 credas?
527 1009 640 1062 quasi
658 1022 740 1048 non
761 1009 832 1048 tibi
850 1009 1084 1053 renunciata
1102 1009 1182 1048 sint
1198 1008 1298 1056 haec,
1320 1007 1376 1047 sic
1395 1007 1492 1046 fore.

86 1077 142 1116 S1.
183 1075 286 1115 Min’
305 1075 541 1128 quisquam?
596 1075 675 1114 DA.
712 1074 799 1114 Eho
819 1087 870 1113 an
890 1080 973 1113 tute
991 1073 1188 1113 intellexti
1207 1073 1282 1112 hoc
1302 1072 1549 1112 assimulari?

248 1143 304 1182 S1.
344 1142 528 1182 lrrideor.
1495 1141 1548 1177 20

85 1211 164 1250 DA.
204 1210 500 1250 Renunciatum
523 1209 593 1248 ’stt
623 1221 720 1247 nam
739 1208 807 1260 qui
826 1207 897 1247 tibi
916 1207 1053 1247 isthaec
1072 1207 1213 1247 incidit
1231 1206 1431 1259 suspicio?

85 1279 141 1317 sx.
180 1277 290 1323 Qui?
317 1276 411 1330 quia
429 1283 467 1315 te
487 1288 639 1315 noram.
725 1274 805 1313 DA.
845 1273 968 1318 Quasi
987 1279 1031 1313 tu
1050 1273 1168 1322 dicas,
1189 1273 1339 1312 factum
1359 1272 1400 1311 id
1420 1271 1548 1311 consi-

244 1344 299 1383 lio
317 1357 420 1382 meo.

85 1412 140 1450 Su.
181 1411 295 1450 Certe
315 1410 424 1449 enim
443 1408 535 1448 scio.
621 1407 700 1446 DA.
741 1406 833 1445 Non
859 1406 952 1446 satis
975 1419 1040 1445 me
1063 1405 1239 1458 pernosti
1263 1405 1394 1452 etiam,
1421 1403 1547 1456 qualis

245 1477 333 1524 sim,
356 1475 476 1514 Simo.

84 1544 140 1582 St.
180 1543 318 1595 Egone
339 1542 407 1580 te?
491 1540 570 1579 DA.
611 1538 702 1588 Sed,
722 1538 755 1578 si
774 1538 870 1591 quid
887 1551 1047 1578 narrare
1067 1538 1232 1591 occoepi,
1253 1537 1442 1578 continuo
1461 1538 1546 1578 dari

82 1609 176 1649 Tibi
193 1610 314 1649 verba
333 1622 471 1648 censes
486 1606 590 1646 'falso
611 1620 620 1645 z
650 1606 782 1658 itaque
801 1604 934 1644 hercle
954 1604 1012 1644 nil
1024 1605 1110 1658 jam
1129 1605 1290 1644 muttire
1310 1605 1449 1644 audeo.
1493 1607 1544 1644 25

84 1678 140 1716 S1.
176 1677 267 1715 Hoc
288 1689 362 1728 ego
381 1675 461 1715 scio
481 1689 619 1724 unum,
640 1673 845 1712 neminem
863 1672 1061 1726 peperisse
1080 1671 1158 1711 hic.
1216 1672 1296 1711 DA.
1329 1671 1544 1711 Intellexti.

82 1744 162 1783 Sed
179 1743 304 1783 nihilo
323 1743 451 1782 secius
470 1756 566 1781 mox
583 1755 752 1795 puerum
771 1740 849 1779 huc
869 1739 1051 1779 deferent
1068 1744 1160 1779 ante
1180 1740 1337 1778 ostium.

82 1810 133 1848 Id
152 1823 226 1862 ego
239 1810 325 1862 jam
346 1822 452 1847 nunc
472 1808 554 1856 tibi,
575 1807 683 1856 here,
704 1806 896 1846 renuncio
915 1806 1106 1855 futurum,
1126 1811 1172 1845 ut
1190 1806 1241 1845 sis
1260 1806 1400 1845 sciens.

81 1874 145 1913 Ne
166 1880 209 1913 tu
227 1873 302 1913 hoc
321 1873 515 1927 posterius
534 1873 642 1913 dicas
662 1872 767 1912 Davi
785 1872 935 1911 factum
955 1871 1119 1911 consilio
1138 1876 1207 1911 aut
1225 1871 1336 1911 dolis.

82 1941 245 1980 Prorsus
263 1955 288 1980 a
305 1955 370 1980 me
390 1941 619 1994 opinionem
638 1940 742 1979 hanc
763 1945 871 1978 tuam
892 1952 976 1978 esse
995 1953 1070 1991 ego
1090 1944 1265 1978 amotam
1283 1939 1385 1978 volo.
1492 1942 1546 1978 30

81 2007 137 2046 S1.
177 2007 294 2047 Unde
320 2007 362 2046 id
392 2006 496 2046 scis?
579 2006 658 2045 DA.
699 2005 859 2053 Audivi,
891 2010 932 2044 et
960 2005 1078 2044 credo
1095 2020 1104 2044 ε
1148 2005 1276 2044 multa
1304 2012 1546 2045 concurrunt

241 2073 370 2122 simul,

81 2141 161 2186 Qui
184 2140 453 2193 conjecturam
478 2139 582 2179 hanc
606 2152 714 2178 nunc
739 2139 862 2178 facio:
887 2139 974 2192 jam
1000 2139 1175 2192 primum
1200 2139 1287 2179 haec
1316 2152 1358 2179 se
1382 2153 1403 2179 e
1429 2139 1547 2179 Pam-

243 2206 353 2260 philo

81 2273 299 2312 Gravidam
318 2272 419 2312 dixit
437 2285 544 2311 esse:
566 2272 775 2310 inventum
795 2276 855 2310 est
871 2270 1017 2310 falsum
1034 2285 1042 2310 :
1067 2285 1188 2321 nunc,
1207 2276 1419 2325 postquam
1438 2272 1547 2312 videt

80 2340 251 2393 Nuptias
269 2339 378 2380 domi
397 2339 591 2392 apparari,
612 2339 732 2377 missa
754 2339 800 2377 ’st
818 2338 964 2377 ancilla
981 2338 1088 2378 illico

83 2407 344 2447 Obstetricem
364 2406 594 2446 arcessitum
614 2406 666 2445 ad
684 2419 786 2454 eam,
807 2410 848 2444 et
864 2419 1033 2458 puerum
1052 2411 1098 2445 ut
1115 2406 1274 2446 afferret
1292 2406 1409 2446 simul
1499 2412 1550 2450 35

83 2473 173 2514 Hoc
193 2474 235 2512 ni
253 2474 310 2523 fit,
332 2479 375 2513 tu
394 2487 563 2526 puerum
581 2477 628 2512 ut
645 2472 792 2520 videas,
814 2471 871 2511 nil
890 2477 1103 2512 moventur
1120 2473 1283 2526 nuptiae.

84 2541 140 2580 S1.
179 2540 286 2585 Quid
304 2540 390 2579 ais?
417 2540 486 2579 ubi
503 2539 757 2579 intellexeras

86 2607 134 2647 Id
152 2606 360 2647 consilium
381 2620 534 2659 capere,
557 2620 627 2646 cur
645 2619 726 2645 non
747 2605 847 2645 dixti
866 2605 1067 2659 extemplo
1088 2606 1298 2659 Pamphilo
1319 2607 1333 2646 ἶ

85 2675 164 2714 DA.
203 2674 300 2719 Quis
318 2674 440 2727 igitur
459 2687 550 2713 eum
570 2674 620 2713 ab
640 2673 708 2712 illa
726 2673 928 2722 abstraxit,
953 2673 1030 2712 nisi
1053 2674 1158 2726 ego?
1186 2688 1285 2715 nam
1311 2687 1450 2713 omnes
1474 2687 1547 2714 nos

244 2740 406 2794 quidem

86 2805 250 2854 Scimus,
271 2819 391 2858 quam
410 2805 552 2846 misere
570 2805 676 2846 hanc
696 2805 838 2845 amarit
854 2820 863 2845 :
893 2819 1002 2846 nunc
1021 2806 1095 2846 sibi
1112 2819 1279 2846 uxorem
1300 2807 1464 2859 expetit.
1492 2810 1547 2847 40
