1670 3080
143 141 203 191 18
769 163 798 192 A
807 159 982 193 NDMA.

573 298 749 338 ACTUS
780 299 862 338 111.
921 299 1102 338 SCENA
1134 300 1167 338 Ι.

320 404 470 442 MYs1s.
530 405 647 443 Simo.
706 403 862 442 DAvus.
922 403 1088 442 LsssmA.
1149 403 1415 441 GLchuuu.

138 498 225 538 ΜΥ.
267 499 329 538 Ita
346 499 413 552 pol
433 500 594 552 quidem
613 513 675 539 res
694 504 763 547 est,
784 504 830 538 ut
849 498 959 546 dixti,
984 498 1127 537 Lesbia
1143 511 1152 536 :

137 563 315 603 Fidelem
334 565 442 604 haud
459 565 584 604 ferme
604 565 761 603 mulieri
779 564 960 603 invenias
978 563 1119 602 virum.

136 631 192 669 S1.
233 632 298 670 Ab
320 632 474 671 Andria
495 633 542 671 ’st
559 632 704 671 ancilla
722 631 808 670 haec·
826 646 835 670 2
867 631 960 682 quid
980 631 1146 669 narras?
1228 630 1308 671 DA.
1349 631 1414 672 Ita
1433 628 1498 671 ’stt

134 697 222 736 ΜΥ.
273 699 351 738 Sed
386 699 451 738 hic
491 698 732 751 Pamphilus.
819 699 874 736 S1.
925 697 1031 741 Quid
1063 697 1188 736 dicit?
1270 697 1358 737 MY.
1408 698 1599 738 Firmavit

292 764 426 803 fidem.
511 765 567 804 81.
609 763 731 802 Hem.

132 829 212 868 DA.
253 830 416 869 Utinam
437 837 505 869 aut
523 830 586 869 hic
607 829 758 877 surdus,
781 835 850 868 aut
868 829 954 868 haec
976 835 1087 868 muta
1105 829 1212 868 facta
1231 829 1291 869 sit.
1569 834 1593 871 5

132 894 219 934 ΜΥ.
260 896 366 934 Nam
387 896 492 947 quod
511 895 738 948 peperisset,
754 894 874 947 jussit
892 893 988 933 tolli.
1075 895 1131 934 S1.
1173 896 1208 934 O
1230 895 1366 948 Jupite
1387 899 1398 937 Ξ

130 962 237 1006 Quid
258 976 330 1014 ego
351 962 496 1001 audio?
524 966 658 1000 actum
681 961 738 1009 ’st,
760 960 956 1012 siquidem
975 960 1062 1000 haec
1082 973 1178 1000 vera
1194 961 1398 1013 praedieat.

130 1029 203 1068 LE.
244 1030 400 1068 Bonum
421 1028 627 1081 ingenium
646 1041 782 1067 narras
802 1027 1073 1067 adulescentis.
1163 1028 1251 1067 MY.
1284 1029 1524 1081 Optumum.

130 1095 207 1134 Sed
227 1107 389 1146 sequere
409 1108 473 1132 me
493 1094 609 1142 intro,
630 1107 682 1132 ne
701 1094 743 1132 in
762 1107 874 1133 mora
891 1093 948 1132 illi
968 1093 1030 1132 sis.
1117 1094 1190 1133 LE.
1230 1094 1391 1146 Sequor.

127 1161 207 1200 DA.
230 1161 347 1204 Quod
361 1161 582 1199 remedium
596 1173 704 1199 nunc
719 1160 812 1200 huic
825 1160 931 1200 malo
945 1161 1148 1200 inveniam
1163 1161 1186 1200 2·
1225 1161 1281 1200 S1.
1304 1162 1411 1206 Quid
1425 1162 1525 1203 hoc?
1543 1163 1592 1202 10
1668 1186 1670 1190 ·

127 1227 294 1266 Adeone
314 1233 372 1266 est
391 1227 584 1266 demens?
613 1240 663 1265 ex
681 1227 920 1279 peregrina?
941 1228 1027 1280 jam
1047 1227 1138 1276 scio,
1160 1227 1237 1267 ah!

128 1293 208 1332 Vix
226 1294 387 1332 tandem
408 1293 512 1332 sensi
531 1293 705 1333 stolidus.
791 1293 871 1332 DA.
912 1294 1019 1338 Quid
1036 1294 1100 1334 hic
1120 1295 1286 1335 sensisse
1307 1296 1391 1335 ait?

127 1362 182 1399 81.
223 1360 324 1399 Haec
344 1361 517 1413 primum
537 1360 699 1399 affertur
711 1362 798 1413 jam
817 1360 916 1399 mihi
934 1362 984 1400 ab
1003 1361 1078 1401 hoc
1098 1361 1256 1402 fallacia

127 1427 246 1465 Hanc
266 1425 453 1464 simulant
470 1439 620 1478 parere,
643 1439 722 1478 quo
742 1425 995 1465 Chremetem
1015 1427 1270 1468 absterreant.

126 1494 202 1532 GL.
242 1493 350 1531 Juno
372 1492 526 1532 Lucina
543 1493 604 1532 fer
623 1506 751 1546 opem,
772 1506 886 1532 serva
904 1507 982 1542 me,
1004 1495 1176 1534 obsecro.
1391 1499 1395 1502 ’
1539 1499 1586 1536 15

125 1562 180 1599 81.
222 1560 317 1607 Hui,
340 1566 421 1599 tam
442 1560 549 1599 cito?
576 1559 788 1599 ridiculum
806 1574 815 1598 ε
845 1566 1056 1613 postquam
1075 1567 1168 1600 ante
1187 1562 1331 1601 ostium

125 1626 194 1664 Me
215 1626 366 1665 audivit
384 1631 498 1674 stare,
521 1631 761 1679 approperat
778 1640 786 1665 :
817 1639 899 1665 non
919 1632 980 1665 sat
998 1627 1205 1667 commode

121 1692 261 1732 Divisa
280 1699 372 1732 sunt
390 1693 632 1746 temporibus
651 1693 733 1741 tibi,
756 1693 882 1742 Dave,
902 1693 1001 1732 haec.
1086 1693 1167 1733 DA.
1207 1693 1383 1734 Mihin’?

121 1759 178 1798 Sr.
219 1759 328 1798 Num
348 1759 602 1798 immemores
621 1759 834 1812 discipuli?-
916 1760 995 1798 DA.
1035 1759 1123 1812 Ego
1142 1760 1239 1813 quid
1256 1773 1392 1800 narres
1411 1762 1556 1802 nescio.
1582 1801 1591 1805 ,

123 1830 178 1867 St.
219 1826 389 1865 Hiceine
408 1840 473 1865 me
493 1827 526 1864 si
544 1827 783 1879 imparatum
802 1827 844 1865 in
865 1826 968 1865 veris
987 1826 1136 1879 nuptiis
1532 1831 1585 1868 20

121 1891 296 1931 Adortus
316 1897 428 1939 esset,
451 1905 547 1943 quos
566 1906 631 1930 me
651 1892 763 1932 ludos
781 1893 993 1931 redderet?

119 1956 156 1995 N
160 1971 241 1997 unc
258 1957 377 2010 hujus
396 1957 543 2010 periclo
563 1957 619 2004 fit,
642 1971 716 2009 ego
735 1958 776 1996 in
796 1963 913 2010 portu
932 1959 1090 2010 navigo.

543 2155 719 2195 ACTUS
751 2155 831 2194 ΙΙΙ.
891 2156 1071 2196 SCENA
1102 2158 1159 2196 ΙΙ.

587 2261 753 2300 LesmA.
795 2260 911 2299 Smo.
952 2261 1108 2299 Davus.

119 2367 190 2407 LE.
222 2365 379 2413 Adhuc,
401 2362 599 2415 Archylis,
622 2376 711 2415 quae
731 2360 911 2400 adsolent
929 2374 1097 2413 quaeque
1117 2368 1273 2414 oportet

118 2434 240 2485 Signa
259 2444 342 2471 esse
362 2430 415 2469 ad
433 2429 612 2476 salutem,
634 2427 769 2467 omnia
786 2426 879 2466 huic
899 2440 983 2466 esse
1002 2426 1130 2466 video.

118 2500 237 2538 Nunc
256 2497 430 2550 primum
448 2496 510 2534 fac
529 2495 639 2533 istaee
657 2492 764 2532 lavet
779 2507 788 2531 :
818 2497 907 2545 post
925 2492 1081 2540 deinde,

117 2564 235 2609 Quod
247 2562 348 2617 jussi
366 2562 404 2601 ei
423 2560 507 2600 dari
524 2560 672 2608 bibere,
694 2564 734 2598 et
752 2564 946 2611 quantum
964 2559 1168 2614 imperavi,

115 2631 219 2670 Date
237 2644 246 2668 ε
275 2641 371 2668 mox
391 2641 464 2679 ego
482 2627 562 2665 hue
580 2630 769 2665 revertor.
1547 2635 1572 2672 5

114 2697 193 2736 Per
212 2700 363 2735 ecastor
381 2693 500 2733 scitus
518 2705 618 2745 puer
637 2695 696 2730 est
713 2695 829 2730 natus
849 2689 1070 2742 Pamphilo.
1230 2688 1234 2691 ’

117 2762 226 2801 Deos
245 2774 391 2813 quaeso,
411 2764 457 2798 ut
475 2758 525 2798 sit
543 2762 751 2811 superstes,
769 2755 1090 2808 quandoquidem
1103 2756 1188 2810 ipse
1204 2757 1251 2796 ’st
1267 2758 1430 2811 ingenio
1443 2762 1570 2812 bono;
1620 2789 1624 2793 .
1641 2756 1649 2802 s

117 2828 297 2879 Cumque
316 2825 409 2865 huie
429 2830 489 2864 est
506 2823 654 2863 veritus
673 2828 846 2878 optumae
866 2821 1108 2862 adulescenti
1125 2822 1256 2863 faeere
1273 2824 1472 2878 injuriam.
1622 2827 1626 2845 '³
