1670 3080
139 105 234 151 108
534 121 781 152 HEAUTON
818 121 1205 153 ΤΙΜΟΕΕΜΕΝοε.

138 206 223 245 ΜΕ.
274 207 432 246 Gnatus
470 207 576 259 quod
612 221 654 246 se
692 207 897 247 assimulat
933 207 1084 256 laetum,
1124 207 1167 247 id
1204 205 1333 246 dicis?
1418 206 1494 247 Cu.
1543 205 1606 246 ld.

299 273 386 312 ΜΕ.
428 273 543 312 Idem
562 274 663 312 istuc
683 273 782 312 mihi
1519 315 1525 318 ,
1557 275 1607 312 15

136 339 259 378 Venit
278 341 319 378 in
339 346 530 379 mentem.
601 341 676 379 Cu.
712 341 932 380 Veterator.
992 340 1079 379 ΜΕ.
1116 339 1264 393 MagiS‚
1285 338 1319 379 si
1337 339 1467 393 magis
1485 340 1606 389 noris,

295 414 419 460 putes

134 474 198 512 Ita
216 487 302 512 rem
323 487 418 513 esse.
492 474 567 514 Cu.
600 475 696 514 Ain’
717 480 785 514 tu.
774 475 790 501 7
858 475 944 514 ΜΕ.
967 475 1076 519 Quin
1096 480 1141 514 tu
1159 445 1350 515 ausculta.
1409 474 1485 516 Cn.
1513 442 1608 549 Μα-

294 542 456 590 nedum,
476 541 552 581 hoc
572 543 680 595 prius
701 543 800 582 scire
821 549 974 596 expeto,

132 607 239 651 Quid
258 608 500 660 perdideris·
532 623 627 648 nam
647 609 715 647 ubi
735 609 972 662 desponsam
993 608 1186 648 nuntiasti
1205 608 1313 649 filio·
1302 640 1313 659 ,

131 673 330 713 Continuo
351 675 532 728 injecisse
552 678 673 716 verba
693 677 764 715 tini
785 677 1034 715 Dromonem
1053 675 1216 725 scilicet,

130 740 299 791 Sponsa'i
317 754 471 790 aurum,
488 748 652 791 vestem,
671 743 845 784 ancillas.
869 756 967 794 opus
983 756 1068 781 esse
1085 756 1094 780 ε
1116 747 1326 795 argentum
1342 747 1388 782 ut
1402 742 1530 782 dares.
1551 744 1605 782 20

130 806 216 846 ΜΕ.
257 807 364 847 Non.
437 809 512 847 Cn.
553 810 633 853 Qui
651 823 758 848 non.
747 810 763 837 7
838 809 925 848 ΜΕ.
962 808 1105 857 ¹N0n,
1093 821 1271 860 mquam.
1349 809 1425 848 Cn.
1458 808 1603 862 Neque

288 875 373 927 ipse
393 882 538 927 gnatus
558 877 573 914 ?
630 876 716 915 ΜΕ.
758 876 828 915 Nil
847 889 1040 928 prorsum,
1065 874 1247 914 Chreme.
1432 899 1434 901 >
1582 898 1586 901 -

129 941 262 994 Magis
279 956 406 981 unum
426 943 546 982 etiam
566 943 723 992 instare,
744 948 790 982 ut
807 943 926 982 hodie
947 943 1238 982 conficerentur
1255 942 1420 996 nuptiae.

127 1007 202 1047 Cn.
242 1008 350 1047 Mira
375 1022 535 1048 narras·
568 1010 664 1062 quid
697 1011 819 1063 Syrus
852 1023 991 1049 meus.
979 1010 995 1038 7
1024 1023 1074 1048 ne
1108 1009 1143 1048 is
1169 1009 1330 1063 quidem
1360 1009 1603 1064 quicquam?

232 1085 235 1088 ·
290 1076 375 1115 ΜΕ.
417 1077 541 1116 Nihil.
1241 1116 1245 1119 .
1583 1104 1587 1110 ·

126 1142 200 1181 Cn.
237 1141 520 1192 Quamobrem,
550 1143 697 1184 nescio
783 1144 870 1183 ΜΕ.
911 1143 1110 1197 Equidem
1139 1143 1273 1192 miror,
1309 1143 1378 1198 qui
1406 1143 1486 1184 alia
1517 1149 1600 1184 tam

285 1209 404 1262 plane
426 1211 536 1249 scias.
1452 1243 1455 1244 γ

124 1275 202 1314 Sed
218 1274 286 1314 ille
307 1281 419 1314 tuum
440 1290 597 1329 quoque
619 1277 740 1329 Syrus
760 1275 867 1315 idem
887 1277 987 1315 mire
1007 1276 1126 1315 finxit
1145 1276 1284 1325 filium,
1546 1279 1598 1317 25

121 1343 178 1381 Ut
196 1356 247 1381 ne
266 1342 472 1396 paululum
493 1344 653 1395 quidem
674 1343 839 1392 subolat,
862 1358 945 1383 esse
966 1345 1137 1383 amicam
1156 1344 1261 1384 hanc
1283 1343 1436 1384 Cliniae.

123 1411 197 1450 Cu.
239 1411 344 1455 Quid
375 1412 462 1450 ais?
546 1411 632 1450 ΜΕ.
675 1411 795 1450 Mitto
819 1411 906 1464 jam
933 1411 1102 1451 osculari
1131 1418 1251 1464 atque
1279 1411 1529 1465 amplexari:
1557 1412 1599 1452 id

283 1478 341 1516 nil
360 1484 469 1531 puto.

121 1545 195 1583 Cn.
227 1545 335 1589 Quid
354 1551 423 1594 est,
447 1546 553 1599 quod
573 1545 743 1599 amplius
763 1545 1002 1586 simuletur?
1072 1546 1159 1586 ΜΕ.
1191 1545 1310 1586 Vah!
1382 1546 1458 1587 Cn.
1489 1547 1597 1592 Quid

256 1613 369 1651 ‘est'l
453 1613 540 1652 ΜΕ.
581 1613 692 1652 Audi
712 1613 857 1653 modo:
1434 1612 1437 1614 ’

119 1680 190 1720 Est
209 1680 308 1720 mihi
326 1681 478 1720 ultimis
497 1681 686 1720 conclave
707 1681 748 1720 in
769 1681 922 1721 aedibus
942 1681 1143 1734 quoddam
1162 1687 1292 1730 retro;

119 1750 212 1788 Huc
230 1755 293 1787 vest
310 1748 416 1787 intro
434 1748 538 1787 latus
557 1748 682 1788 lectus
699 1763 708 1787 z
739 1748 987 1788 vestimentis
1007 1754 1151 1788 stra-tus
1170 1754 1241 1788 est.
1542 1751 1595 1789 30

118 1817 193 1855 Cu.
234 1815 341 1860 Quid
360 1821 570 1868 postquam
590 1815 667 1854 hoe
689 1820 748 1854 est
766 1815 917 1854 factum
933 1815 948 1854 2
1023 1815 1111 1855 ΜΕ.
1147 1815 1313 1855 Dictum
1330 1815 1495 1864 factum,
1515 1815 1598 1856 hue

280 1883 378 1921 abiit
399 1883 585 1935 Clitipho.

117 1951 192 1990 Cn.
233 1950 374 1989 Solus?
459 1950 546 1989 ΜΕ.
588 1950 712 1989 Solus.
791 1950 866 1989 Cn.
907 1950 1059 1989 Timeo.
1137 1949 1224 1989 ΜΕ.
1265 1948 1434 1989 Bacchis
1455 1963 1597 1989 conse·

279 2018 423 2058 cuta’st
440 2018 560 2057 illico.
1520 2044 1523 2046 -

116 2086 192 2125 Cn.
233 2084 354 2124 Sola?
437 2084 523 2123 ΜΕ.
566 2083 668 2123 Sola.
756 2084 830 2122 C11.
871 2083 988 2123 Perii.
1075 2083 1162 2122 ΜΕ.
1202 2082 1283 2123 Ubi
1311 2083 1444 2123 abiere
1471 2084 1589 2133 intro,

279 2166 469 2205 operuere
490 2151 646 2190 ostium.
734 2151 809 2190 Cu.
851 2151 972 2199 Hem,
1574 2178 1576 2181 ψ

118 2220 247 2260 Clinia
265 2220 353 2259 haec
374 2219 460 2258 fieri
480 2219 669 2265 videbat?
752 2218 839 2257 ΜΕ.
880 2218 1060 2262 Quidni?
1088 2232 1249 2260 mecum
1267 2232 1350 2259 una
1369 2218 1499 2259 simul.

118 2289 194 2327 Cn.
235 2287 311 2326 Fili
331 2293 390 2326 est
409 2287 539 2325 a'mica
559 2285 752 2334 Bacchis;
785 2285 1026 2325 Menedeme
1045 2300 1053 2324 z
1085 2285 1224 2325 occidi.
1537 2289 1588 2327 35

195 2356 541 2399 Quamobrem.
530 2355 545 2383 7
629 2354 704 2392 Cn.
745 2353 899 2392 Decem
919 2353 1072 2392 dierum
1092 2354 1161 2392 vix
1178 2353 1236 2392 mi
1254 2358 1315 2393 est
1333 2352 1495 2393 familia.

119 2423 205 2463 ΜΕ.
245 2422 377 2466 Quid.
365 2423 381 2450 7
409 2423 509 2461 istuc
530 2422 658 2469 times,
681 2421 787 2500 quod
804 2420 871 2459 ille
893 2435 1056 2474 operam
1076 2420 1205 2461 amico
1224 2420 1294 2460 dat
1311 2421 1415 2460 suo?
1664 2462 1666 2464 ,

120 2492 195 2531 Cu.
218 2491 361 2539 Immo,
379 2490 486 2543 quod
500 2489 651 2529 amicae.
702 2471 788 2527 ΜΕ.
811 2488 853 2527 Si
867 2488 947 2527 dat.
998 2488 1073 2527 Cn.
1087 2488 1164 2528 An
1180 2487 1346 2527 dubium
1360 2487 1403 2527 id
1417 2481 1490 2527 tibi
1504 2484 1620 2531 est?

120 2560 412 2610 Quenquamne
432 2563 514 2596 tam
534 2556 669 2596 animo
689 2555 795 2595 comi
814 2568 898 2594 esse
918 2561 958 2593 et
976 2554 1058 2594 leni
1076 2560 1205 2608 putas,
1423 2575 1426 2577 ·

120 2624 200 2669 Qui
219 2638 259 2663 se
280 2623 439 2662 vidente
459 2623 630 2661 amicam
649 2621 823 2674 patiatur
841 2621 1039 2660 suam—¹?
1534 2621 1588 2660 40

122 2691 208 2730 ΜΕ.
247 2690 424 2735 Quidni?
451 2703 530 2742 quo
549 2689 669 2728 verba
686 2688 841 2727 facilius
860 2688 1005 2727 dentur
1022 2687 1133 2727 mihi.

122 2757 197 2798 Cn.
237 2758 434 2798 Derides?
461 2756 602 2795 merito
619 2770 627 2794 ε
657 2760 703 2794 ut
720 2754 820 2794 mihi
838 2768 946 2794 nunc
966 2768 1041 2807 ego
1060 2766 1287 2794 succenseo.

122 2827 230 2871 Quot
247 2840 309 2866 res
328 2825 484 2873 dedere,
505 2823 573 2863 ubi
593 2837 748 2877 possem
767 2822 1064 2876 persentiscere,
