1670 3080
517 109 675 142 ACTUS
701 108 747 139 v.
821 108 986 142 SCENA
1009 109 1077 141 ιν.
1464 101 1557 150 179

96 199 242 239 Gnatae
261 211 344 238 suae
362 197 495 246 fuisse,
517 209 638 249 quem
656 196 765 249 ipsus
784 194 880 234 olim
899 195 957 234 mi
975 194 1151 234 dederat.
1237 195 1310 235 ΡΛ.
1351 198 1452 238 Scio.

93 263 319 303 Tantumne
342 263 431 302 est?
512 263 588 302 ΒΑ.
627 262 828 302 Tantum:
859 260 987 302 aderit
1015 260 1216 310 continuO,
1243 260 1319 302 hoc
1348 263 1417 303 ubi
1446 277 1497 304 ex
1522 271 1562 306 te

253 329 460 369 audiverit.
1511 334 1559 371 15

89 395 170 436 Sed
187 396 342 436 cessas?
424 396 496 436 ΡΑ.
536 395 722 435 Minume
748 394 933 448 equidem
952 408 963 444 ;
993 407 1089 434 nam
1116 394 1235 435 hodie
1261 395 1361 436 mihi
1387 403 1560 450 potestas

248 461 358 501 hand
376 461 544 501 data’st:

88 527 153 568 Ita
171 527 366 568 cursando
385 533 503 581 atque
522 526 765 567 ambulando
783 531 911 566 totum
931 526 1039 566 hunc
1060 519 1233 567 contrivi
1247 528 1366 568 diem.

86 594 161 634 ΒΑ.
201 596 404 640 Quantam
423 593 548 634 obtuli
566 593 743 633 adventu
760 607 850 632 meo
868 593 1051 633 laetitiam
1073 594 1282 647 Pamphilo
1301 595 1419 636 hodie
1434 597 1450 635 2

84 662 193 706 Quot
211 662 439 702 commodas
458 675 521 701 res
539 661 681 701 attuli?
708 666 806 714 quot
824 665 959 700 autem
979 660 1111 700 ademi
1130 662 1274 700 curas?

83 729 265 768 Gnatum
283 729 321 768 ei
338 729 512 778 restituo,
533 741 649 782 paene
669 727 738 781 qui
755 727 900 767 harum
918 727 1119 780 ipsiusque
1139 741 1260 778 opera
1277 727 1417 780 periit:
1502 731 1555 769 20

82 795 272 845 Uxorem,
294 809 416 848 quam
433 808 643 848 nunquam
663 799 723 834 est
739 800 849 834 ratus
867 793 1032 847 posthac
1052 808 1093 833 se
1112 793 1355 845 habiturum,
1376 795 1499 835 reddo
1516 811 1525 835 z

81 863 172 907 Qua
189 876 233 902 re
251 868 454 916 suspectus
472 876 544 902 suo
561 862 666 915 patri
685 867 726 901 et
745 861 943 914 Phidippo
961 861 1049 910 fuit,
1072 861 1223 901 exsolvi
1239 876 1248 900 :

81 929 162 970 Hic
181 931 280 970 adeo
298 930 362 970 his
380 930 498 969 rebus
518 929 690 969 annulus
707 929 785 968 fuit
802 929 963 969 initium
982 928 1248 968 inveniundis.

80 995 188 1036 Nam
207 996 384 1045 memini,
406 995 551 1035 abhinc
571 1008 729 1038 menses
749 996 889 1035 decem
907 995 991 1035 fere
1011 996 1062 1035 ad
1079 1009 1145 1035 me
1164 1001 1282 1035 nocte
1299 996 1431 1049 prima

78 1064 301 1116 Confugere
321 1062 576 1103 anhelantem
596 1062 773 1112 domum,
795 1062 880 1102 sine
896 1062 1052 1111 comite,
1074 1063 1159 1102 vini
1178 1063 1356 1116 plenum,
1498 1066 1549 1105 25

78 1130 179 1169 Cum
197 1129 274 1169 hoc
293 1129 464 1169 annulo:
496 1129 664 1168 extimui
684 1129 789 1169 illico
807 1144 816 1168 z
847 1129 903 1168 mi
924 1129 1144 1182 Pamphile,
1165 1130 1343 1182 inquam,
1366 1131 1523 1180 amabo,

76 1195 185 1240 Quid
203 1195 497 1244 exanimatus‘s,
519 1195 711 1235 obsecro?
738 1200 807 1236 aut
824 1195 932 1236 unde
952 1195 1148 1235 annulum
1167 1196 1288 1236 istum
1306 1198 1507 1238 nactus’s?

76 1261 154 1301 Dic
174 1262 230 1301 mi
246 1277 256 1301 ε
285 1262 352 1302 ille
371 1261 468 1302 alias
486 1276 548 1302 res
568 1276 686 1315 agere
706 1276 747 1302 se
767 1263 954 1303 simulare
971 1278 980 1302 :
1010 1269 1221 1317 postquam
1241 1264 1357 1305 video

75 1327 223 1368 Nescio
243 1329 339 1382 quid
357 1330 627 1382 suspectarier,
648 1330 778 1382 magis
797 1330 902 1382 coepi
921 1330 1080 1379 instare,
1102 1336 1148 1369 ut
1166 1331 1283 1371 dicat.

76 1394 213 1434 Homo
233 1409 274 1434 se
293 1395 439 1434 fatetur
456 1395 497 1434 vi
515 1395 557 1434 in
576 1395 643 1434 via
660 1396 794 1435 nescio
814 1409 934 1448 quam
954 1396 1256 1450 compressisse:
1496 1401 1548 1438 30

75 1460 276 1513 Dicitque,
297 1474 381 1500 sese
399 1460 458 1499 illi
477 1460 682 1510 annulum,
705 1461 800 1500 dum
819 1461 955 1509 luctat,
977 1462 1193 1502 detraxisse
1211 1477 1220 1501 :

66 1528 180 1568 -Eum
199 1528 386 1582 cognovit
405 1527 618 1580 Myrrhina
636 1528 678 1567 in
698 1528 822 1581 digito
841 1529 960 1568 modo
979 1543 1045 1569 me
1063 1529 1279 1570 habentem
1296 1546 1305 1570 ε

73 1594 218 1647 Rogat,
238 1594 345 1634 unde
364 1594 437 1634 sit:
468 1608 585 1634 narro
606 1595 740 1634 omnia
758 1594 847 1634 haec
865 1609 874 1633 ε
905 1595 1050 1634 inde’st
1069 1596 1245 1649 cognitio
1263 1597 1380 1647 facta,

73 1661 353 1702 Philumenam
373 1676 456 1702 esse
477 1676 743 1716 compressam
763 1662 813 1702 ab
834 1676 891 1710 e0,
913 1668 954 1703 et
971 1662 1099 1703 filium
1117 1664 1210 1704 inde
1230 1664 1337 1706 hunc
1356 1670 1508 1707 natum.

72 1730 176 1770 Haec
196 1736 254 1770 tot
271 1736 433 1783 propter
451 1745 516 1770 me
535 1730 682 1783 gaudia
699 1730 757 1770 illi
776 1731 998 1784 contigisse,
1020 1731 1133 1771 laetor
1149 1747 1158 1771 :
1488 1738 1539 1775 35

71 1797 158 1836 Etsi
176 1797 252 1837 hoc
270 1798 497 1837 meretrices
516 1797 605 1838 aliae
624 1797 788 1837 nolunt:
828 1812 958 1851 neque
978 1799 1086 1838 enim
1107 1806 1166 1839 est
1183 1800 1226 1840 in
1245 1814 1331 1840 rem
1351 1807 1538 1851 nostram,

69 1862 127 1902 Ut
145 1863 355 1916 quisquam
373 1869 528 1903 amator
544 1864 694 1917 nuptiis
712 1863 870 1904 laetetur
886 1879 895 1903 :
926 1878 1064 1904 verum
1084 1871 1248 1921 ecastor,

68 1930 290 1983 Nunquam
309 1931 488 1970 animum
509 1931 649 1983 quaesti
667 1931 797 1984 gratia
815 1932 867 1971 ad
884 1932 1010 1972 malas
1029 1934 1224 1974 adducam
1244 1941 1389 1988 partes.

68 1996 166 2049 Ego,
188 1997 284 2037 dum
302 1997 371 2037 illo
389 1997 604 2047 licitum’st,
625 2012 697 2038 usa
715 2011 803 2038 sum
822 1999 997 2052 benigno
1018 2006 1057 2039 et
1074 2000 1207 2054 lepido
1227 1997 1268 2041 et
1286 2004 1402 2042 comi.

68 2063 328 2104 Incommode
345 2065 445 2104 mihi
464 2066 612 2119 nuptiis
631 2066 788 2106 evenit:
818 2066 968 2106 factum
988 2067 1114 2107 fateor
1130 2083 1139 2107 :
1481 2074 1534 2112 40

65 2130 125 2169 At
140 2131 207 2183 pol
224 2145 290 2171 me
309 2132 448 2172 fecisse
467 2133 645 2182 arbitror,
666 2146 718 2173 ne
738 2133 780 2172 id
798 2134 940 2173 merito
958 2134 1015 2173 mi
1034 2134 1223 2175 eveniret.

66 2196 198 2238 Multa
216 2211 267 2238 ex
286 2211 364 2251 quo
382 2199 531 2239 fuerint
549 2200 770 2249 commoda,
792 2199 876 2252 ejus
895 2200 1150 2242 incommoda
1167 2203 1380 2256 aequum’st
1397 2204 1511 2244 ferre.

495 2346 675 2387 ACTUS
710 2347 759 2387 V.
818 2347 1000 2388 SCENA
1030 2347 1105 2388 IV.

398 2440 657 2482 Pilumnus.
716 2442 935 2481 nummo.
994 2443 1188 2482 BAccms.

62 2534 168 2575 Pin.
208 2533 313 2574 Vide
337 2534 394 2574 mi
420 2534 628 2584 Parmeno,
654 2535 774 2575 etiam
796 2536 922 2586 sodes,
949 2543 995 2576 ut
1021 2538 1078 2577 mi
1103 2537 1190 2578 haec
1220 2546 1328 2580 certa
1353 2547 1393 2580 et
1421 2541 1526 2581 clara

221 2602 421 2651 attuleris;

58 2666 124 2707 -Ne
144 2681 209 2707 me
229 2667 271 2708 in
290 2668 410 2707 breve
428 2667 606 2722 pellicias
626 2674 783 2723 tempus
801 2671 947 2723 gaudio
965 2670 1041 2711 hoc
1060 2671 1160 2711 falso
1178 2673 1267 2712 frui.

60 2734 161 2775 PAR.
202 2735 343 2774 Visum
364 2741 434 2775 est.
511 2736 617 2776 PAM.
658 2738 845 2778 Certen'?
919 2739 1022 2779 PAR.
1059 2740 1186 2781 Certe.
1264 2742 1369 2782 Pam.
1410 2742 1520 2782 Deus

221 2816 321 2852 sum,
342 2802 375 2842 si
393 2802 469 2843 hoc
489 2803 605 2843 ita'st.
691 2804 792 2844 PAR.
834 2805 986 2845 Verum
1005 2807 1190 2860 reperies.
