1670 3080
115 96 214 143 218
719 111 966 143 PHORMIO.

114 198 167 238 Et
185 197 262 238 hoc
282 197 383 237 nihil
403 203 473 247 est,
497 211 572 251 ego
593 197 700 250 quod
719 197 819 247 dico,
842 203 887 237 tu
905 211 1036 238 narra.
1123 198 1203 238 Da.
1243 196 1404 239 Scelus!

113 265 204 304 Tibi
223 265 388 304 narret?
473 265 549 303 ΡΗ.
591 263 702 304 Eho!
734 269 793 314 tu,
815 264 1019 304 factum'st
1038 264 1108 304 abs
1128 270 1166 303 te
1188 264 1326 305 sedulo

113 332 191 371 Pro
203 331 338 371 fratre.
388 331 470 370 NA.
493 330 556 370 Mi
570 331 642 380 vir,
659 344 743 370 non
757 331 857 370 mihi
874 331 971 370 dicis
986 331 1002 370 ?
1050 331 1125 371 Cn.
1147 332 1261 371 At—-·-
1303 332 1385 372 NA.
1407 332 1517 378 Quid
1531 333 1602 375 at?

113 400 189 442 Cu.
221 399 317 438 Non
338 413 436 453 opus
457 404 516 439 est
536 399 654 438 dieto.
715 399 792 438 ΡΗ.
813 398 905 439 Tibi
925 398 1087 452 quidem
1105 413 1114 438 t
1146 404 1187 439 at
1206 399 1304 440 scito
1322 399 1416 440 huic
1437 401 1599 455 opus’st.

114 467 163 507 In
186 467 399 506 Lemno—
439 467 514 505 Cn.
538 466 674 505 Hem!
697 466 794 519 quid
813 465 928 518 agis?
975 466 1055 506 Dm.
1079 466 1174 506 Non
1190 468 1328 507 taces?
1385 467 1462 508 ΡΗ.
1485 467 1602 509 Clam

276 540 373 575 te—
429 535 504 574 Cn.
546 534 629 574 Hei
648 534 749 573 mihi
765 534 774 574 Ξ
1548 538 1598 578 15

112 604 188 643 ΡΗ.
229 603 409 643 Uxorem
429 602 599 642 duxit—
656 602 737 641 NA.
779 601 842 642 Mi
857 601 990 651 homo,
1014 601 1070 642 Di
1088 601 1232 642 melius
1251 603 1378 643 duint.

111 671 189 711 ΡΗ.
233 670 297 710 Sic
317 670 533 710 factum’st.
620 669 701 709 NA.
743 669 850 709 Perii
869 669 1028 709 misera.
1115 669 1194 709 ΡΗ.
1233 670 1287 711 Et
1305 670 1399 711 inde
1418 670 1544 711 filiam

112 738 296 792 Suscepit
309 738 395 791 jam
414 751 552 786 unam,
575 737 671 776 dum
692 742 736 776 tu
755 736 915 776 dormis.
1003 737 1080 776 Cn.
1121 736 1229 782 Quid
1249 737 1436 791 agimus?

111 807 193 846 NA.
234 806 312 845 Pro
333 806 388 845 Di
407 804 652 845 immortales
673 804 682 843 1
712 804 868 844 facinus
888 804 1100 857 indignum
1122 810 1162 844 et
1180 805 1346 845 malum.

113 875 192 916 DE.
235 874 328 914 Hoc
348 873 548 913 actum'st.
637 872 713 912 ΡΗ.
756 872 824 911 An
846 872 1061 925 quicquam
1081 872 1200 912 hodie
1217 879 1276 913 est
1293 873 1447 914 factum
1466 872 1599 927 indig-

274 941 364 980 nius
376 941 392 980 ?
1543 943 1597 981 20

111 1011 191 1056 Qui
211 1011 279 1060 mi,
300 1011 371 1051 ubi
391 1010 443 1050 ad
461 1024 606 1051 uxores
626 1009 855 1058 ventum'st,
879 1014 965 1048 tum
985 1009 1088 1049 fiunt
1108 1023 1235 1050 senes.

111 1078 194 1118 NA.
236 1077 454 1131 Demipho,
477 1083 515 1116 te
537 1076 696 1131 appello
713 1092 722 1126 ;
756 1091 852 1116 nam
871 1091 937 1116 me
959 1091 1051 1117 cum
1071 1077 1147 1117 isto
1167 1078 1351 1118 distaedet
1364 1066 1490 1132 >loqui.

111 1147 215 1186 Haec
235 1145 316 1186 illae
337 1151 453 1186 erant
471 1145 614 1184 itiones
634 1145 785 1184 crebrae
806 1150 846 1184 et
864 1146 1094 1185 mansiones
1114 1146 1281 1186 diutinae

110 1214 285 1255 Lemni?
312 1213 492 1254 haeccine
514 1219 599 1252 erat
619 1226 677 1261 ea,
701 1226 792 1265 quae
812 1218 967 1252 nostros
986 1213 1135 1252 minuit
1152 1214 1317 1263 fructus,
1339 1214 1502 1254 vilitas?

111 1284 192 1325 Da.
243 1283 343 1336 Ego,
385 1281 651 1330 Nausistrata,
693 1294 777 1320 esse
816 1280 858 1319 in
896 1280 972 1320 hac
1009 1294 1053 1320 re
1091 1280 1253 1334 culpam
1290 1282 1481 1323 meritum
1518 1296 1605 1323 non

274 1363 381 1402 nego
397 1363 406 1397 ;
1548 1352 1600 1390 25

109 1418 188 1458 Sed
208 1431 256 1457 ea
276 1417 373 1470 quin
395 1416 446 1456 sit
464 1415 720 1470 ignoscenda.
808 1415 885 1454 ΡΗ.
928 1415 1064 1455 Verba
1083 1415 1187 1455 fiunt
1205 1422 1384 1456 mortuo.v

111 1484 190 1524 Da.
233 1483 341 1523 Nam
361 1496 492 1536 neque
513 1481 762 1535 negligentia
781 1487 861 1530 tua,
884 1495 1015 1534 neque
1036 1482 1127 1521 odio
1146 1482 1188 1522 id
1205 1483 1302 1523 fecit
1320 1488 1403 1523 tuo.·

111 1549 354 1591 Vinolentus
373 1550 456 1589 fere
477 1548 624 1589 abhinc
645 1562 772 1587 annos
793 1548 1023 1600 quindecim
1043 1548 1322 1589 mulierculam

112 1619 216 1658 Eam
236 1616 482 1671 compressit,
504 1615 612 1657 unde
633 1615 721 1655 haec
742 1614 909 1654 nata’st:
931 1628 1062 1668 neque
1081 1615 1241 1670 postilla
1253 1630 1435 1670 unquam
1455 1617 1601 1670 attigit,

111 1687 173 1726 Ea
191 1692 365 1730 mortem
385 1685 493 1734 obiit,
517 1698 538 1724 e
559 1683 693 1723 medio
714 1683 810 1722 abiit
827 1697 835 1722 :
862 1682 931 1736 qui
951 1682 1028 1722 fuit
1046 1683 1088 1722 in
1108 1697 1150 1723 re
1170 1683 1246 1724 hac
1267 1684 1488 1738 scrupulus.
1546 1687 1601 1725 30

112 1755 385 1799 Quamobrem
399 1759 437 1793 te
457 1767 537 1802 oro,
554 1757 600 1792 ut
614 1751 693 1791 alia
712 1757 783 1791 tua
802 1757 895 1790 sunt
914 1751 1031 1798 facta,
1049 1765 1166 1804 aequo
1181 1751 1318 1791 animo
1333 1758 1374 1791 et
1387 1751 1463 1792 hoc
1482 1752 1600 1793 feras.

111 1822 195 1861 NA.
215 1821 323 1866 Quid
338 1835 412 1874 ego
428 1834 544 1873 aequo
561 1818 727 1858 animo?
748 1818 866 1871 cupio
885 1817 1033 1867 misera
1051 1818 1094 1857 in
1113 1817 1189 1858 hac
1205 1831 1247 1857 re
1262 1818 1350 1871 jam
1366 1818 1600 1872 defungier:

113 1889 193 1929 Sed
212 1888 282 1942 qui
301 1888 486 1941 sperem?
515 1892 633 1927 aetate
653 1899 772 1939 porro
792 1885 926 1924 minus
945 1890 1206 1938 peccaturum
1225 1886 1393 1939 putem?

112 1957 209 1997 Non
223 1957 311 2010 Jam
330 1962 418 1995 tum
438 1961 524 1995 erat
543 1968 678 2002 senex,
701 1959 885 1993 senectus
906 1953 938 1992 si
958 1953 1206 1993 verecundos
1225 1953 1344 1993 facit?

113 2027 192 2072 An,
202 2039 295 2065 mea
312 2025 442 2064 forma
457 2029 576 2076 atque
599 2027 695 2062 aetas
715 2021 845 2074 magis
865 2035 973 2061 nunc
989 2021 1277 2074 expetenda’st,
1296 2021 1530 2075 Demipho?
1549 2024 1601 2077 35

115 2093 224 2138 Quid
242 2092 300 2132 mi
317 2091 384 2130 hic
404 2089 531 2139 affers,
555 2088 816 2143 quamobrem
837 2093 1065 2140 exspectem
1085 2094 1155 2127 aut
1183 2101 1353 2141 sperem,
1381 2102 1500 2143 porro
1519 2103 1602 2129 non

278 2159 362 2199 fore
377 2159 393 2198 ?

116 2231 192 2270 ΡΗ.
225 2228 428 2282 Exequias
449 2225 654 2267 Chremeti
674 2225 818 2278 quibus
839 2229 898 2263 est
919 2224 1176 2264 commodum
1197 2225 1266 2277 ire,
1287 2224 1408 2266 hem!
1444 2231 1603 2281 tempus

281 2301 354 2336 est.

115 2366 181 2407 Sic
201 2364 304 2405 dabo
321 2378 329 2403 :
361 2376 435 2416 age
454 2375 575 2410 nunc,
598 2359 896 2409 Phormionem,
919 2360 987 2413 qui
1007 2360 1124 2409 volet,
1145 2360 1328 2402 lacessito
1345 2377 1355 2403 :

118 2433 229 2472 Faxo
249 2445 342 2471 eum
362 2429 432 2469 tali
450 2433 682 2477 mactatum,
705 2433 824 2480 atque
845 2427 910 2467 hic
931 2433 1001 2477 est,
1023 2428 1254 2469 infortunio.

117 2500 276 2548 Redeat
294 2512 391 2539 sane
410 2498 453 2537 in
472 2497 667 2551 gratiam:
692 2495 780 2550 jam
801 2496 971 2550 supplici
992 2498 1086 2539 satis
1106 2503 1166 2539 est
1183 2498 1306 2538 mihi:
1549 2501 1604 2539 40

117 2569 258 2609 Habet
275 2567 377 2616 haec,
400 2566 438 2606 ei
457 2565 575 2620 quod,
598 2565 695 2604 dum
716 2564 835 2614 vivat,
857 2579 983 2619 usque
1005 2566 1056 2606 ad
1075 2581 1213 2607 aurem
1233 2568 1465 2621 obganniat.

118 2637 202 2677 NA.
220 2636 278 2676 At
289 2648 380 2674 meo
395 2633 550 2682 merito,
566 2631 706 2672 credo:
729 2632 826 2685 quid
839 2646 913 2685 ego
926 2647 1035 2673 nunc
1049 2648 1375 2685 commemorem,
1387 2634 1603 2689 Demipho,

119 2703 372 2758 Singulatim,
395 2701 522 2756 qualis
543 2714 618 2754 ego
637 2700 679 2739 in
699 2699 807 2740 hunc
827 2700 971 2740 fuerim
987 2702 1003 2741 ?
1086 2703 1166 2743 De.
1207 2703 1315 2744 Novi
1334 2717 1454 2758 aeque
1469 2705 1607 2745 omnia

118 2775 285 2826 Tecum.
362 2771 445 2810 NA.
486 2769 635 2809 Merito
654 2768 730 2808 hoc
751 2782 843 2808 meo
862 2769 1020 2810 videtur
1038 2771 1221 2811 factum?
1305 2772 1384 2813 Da.
1419 2772 1604 2822 Minume

281 2838 487 2897 gentiumz
533 2888 538 2890 s
