1670 3080
476 251 651 290 ACTUS
683 250 757 290 IV.
817 250 996 290 SCENA
1029 250 1110 289 ΙΙΙ.

616 356 764 396 M1e1o.
790 359 793 363 ”
823 356 980 397 Hnoxo.

0 451 54 503 ’λ’-
68 457 145 498 M1.
194 458 282 511 Ego
310 458 353 498 in
384 457 459 498 hac
491 471 534 497 re
566 457 623 497 nil
654 457 820 511 reperio,
854 457 1111 510 quamobrem
1142 457 1279 497 lauder
1312 463 1528 511 tantopere,

229 525 374 579 Hegio.

67 591 207 631 Meum
226 592 400 632 officium
418 591 538 631 facio:
570 591 675 644 quod
693 595 900 644 peccatum
920 604 945 630 a
962 590 1076 630 nobis
1096 590 1286 638 ortum'st,
1308 591 1475 644 corrigo.

66 658 155 698 Nisi
173 659 206 698 si
223 672 288 698 me
308 659 351 698 in
370 658 437 698 illo
455 658 655 698 credidisti
674 671 758 697 esse
776 657 986 698 hominum
1005 672 1184 706 numero,
1203 658 1271 711 qui
1289 658 1345 698 ita
1362 665 1527 712 putant;

66 723 149 763 Sibi
167 723 253 764 fieri
271 723 457 777 injuriam
477 723 590 772 ultro,
612 723 656 771 si,
680 737 799 775 quam
818 723 948 763 fecere
966 723 1052 776 ipsi,
1075 723 1310 776 expostules,

66 791 119 830 Et
135 791 240 831 ultro
259 798 446 831 accusant
462 805 470 830 :
500 790 543 830 id
562 791 655 845 quia
674 803 755 830 non
775 795 834 830 est
853 804 877 829 a
894 804 960 829 me
978 790 1140 839 factum,
1162 790 1247 843 agis
1265 790 1443 843 gratias?
1504 794 1527 830 5

66 859 148 899 Ha.
169 859 263 899 Ah!
284 860 449 899 minime
466 872 475 882 ·
495 868 702 911 nunquam
722 864 760 897 te
780 857 895 897 aliter
912 863 1031 910 atque
1051 871 1105 906 eS,
1125 858 1169 897 in
1189 857 1369 898 animum
1387 857 1528 897 induxi

224 939 372 966 meum.

64 992 142 1032 Sed
161 1005 308 1045 quaeso,
330 998 374 1032 ut
392 1005 474 1032 una
490 1002 650 1032 mecum
671 991 722 1030 ad
739 996 909 1030 matrem
929 990 1093 1044 virginis
1114 1004 1192 1038 em,
1214 991 1351 1040 Micio,

63 1059 197 1111 Atque
217 1059 326 1098 istaec
342 1059 496 1108 eadem,
515 1072 606 1112 quae
625 1058 725 1098 mihi
744 1057 856 1106 dixti,
879 1063 962 1097 tute
982 1058 1090 1097 dicas
1108 1058 1292 1108 mulieri;

63 1125 335 1180 Suspicionem
353 1126 459 1166 hanc
477 1131 639 1179 propter
656 1125 820 1165 fratrem
839 1138 924 1164 esse
942 1140 950 1164 ε
973 1125 1058 1178 ejus
1078 1139 1162 1165 esse
1180 1125 1292 1166 illam
1310 1126 1526 1180 psaltriam.

63 1193 140 1232 M1'.
163 1193 204 1232 Si
218 1193 274 1233 ita
284 1206 442 1246 aequom
457 1206 604 1241 censes,
615 1197 684 1231 aut
694 1192 727 1231 si
741 1192 798 1231 ita
811 1205 909 1245 opus
925 1197 984 1232 est
996 1192 1113 1241 facto,
1131 1206 1280 1233 eamus.
1313 1194 1397 1234 ΗΕ.
1417 1195 1527 1235 Bene

222 1259 320 1299 facis
335 1274 343 1282 ·
1479 1263 1528 1299 10

63 1325 170 1365 Nam
190 1331 230 1366 et
246 1325 304 1366 ini
317 1326 403 1380 jam
423 1326 603 1366 animum
621 1324 835 1374 rellevaris‚
857 1338 948 1379 quae
969 1324 1102 1365 dolore
1122 1338 1167 1364 ac
1187 1325 1348 1366 miseria

63 1393 270 1432 Tabescit:
301 1399 341 1432 et
359 1398 427 1432 tuo
447 1392 576 1432 officio
593 1391 716 1432 fueris
734 1391 895 1431 functus
911 1405 920 1430 :
951 1391 1032 1439 sed,
1052 1391 1086 1430 'si
1106 1391 1219 1431 aliter
1236 1399 1364 1445 putas,

64 1460 234 1513 Egomet
258 1461 438 1509 narrabo,
460 1473 550 1514 quae
576 1458 677 1500 mihi
705 1458 816 1498 dixti.
903 1458 980 1498 M1.
1022 1459 1153 1498 Immo
1179 1473 1253 1512 ego
1272 1473 1428 1514 quoque
1449 1461 1525 1501 ibo.

224 1527 306 1566 Ha.
347 1527 457 1566 Bene
476 1526 600 1566 facis:

64 1594 226 1643 Omnes,
248 1593 390 1648 quibus
414 1607 477 1633 res
506 1598 599 1633 sunt
625 1592 758 1632 minus
781 1591 979 1641 secundae,
1007 1592 1135 1645 magis
1161 1598 1265 1642 sunt,
1287 1593 1420 1634 nescio
1449 1608 1526 1647 quo

222 1661 353 1710 modo,

64 1727 276 1780 Suspiciosi
292 1741 301 1766 ι
331 1727 383 1767 ad
401 1726 683 1767 contumeliam
703 1725 837 1765 omnia
855 1724 1056 1779 accipiunt
1073 1726 1202 1778 magis
1218 1740 1228 1765 :
1477 1731 1525 1767 15
1585 1688 1670 1765 ‘a

63 1794 229 1847 Propter
247 1808 360 1835 suam
379 1794 655 1848 impotentiam
674 1807 715 1833 se
735 1806 891 1846 semper
910 1792 1076 1832 credunt
1093 1791 1254 1845 negligi.

62 1861 312 1914 Quapropter
331 1866 369 1901 te
389 1861 520 1915 ipsum
537 1873 708 1915 purgare
727 1859 822 1913 ipsis
841 1872 987 1907 coram,
1008 1858 1241 1911 placabilius
1261 1863 1330 1898 est.

62 1927 139 1967 M1.
179 1928 232 1968 Et
248 1922 356 1969 recte
376 1934 418 1969 et
434 1941 574 1968 verum
593 1927 701 1967 dicis.
796 1925 879 1964 ΗΕ.
923 1925 1095 1977 Sequere
1114 1923 1294 1978 me'ergo
1314 1925 1389 1966 hac
1409 1926 1524 1966 intro.

222 1995 300 2035 M1.
340 1995 547 2035 Maxume.
583 2005 630 2069 ἡ..

473 2173 652 2215 ACTUS
682 2173 758 2212 IV.
818 2170 999 2212 SCENA
1030 2170 1105 2210 IV.

671 2264 914 2306 AEscmuus.

59 2367 285 2408 Discrucior
303 2367 428 2408 animi
447 2381 458 2408 z
486 2367 653 2408 hoccine
672 2366 722 2406 de
740 2364 955 2420 improviso
973 2363 1069 2404 mali
1088 2363 1189 2404 mihi
1209 2363 1327 2417 objici
1343 2394 1346 2396 -

54 2428 242 2483 Tantum,
270 2438 317 2473 ut
347 2447 490 2487 neque,
521 2432 617 2487 quid
647 2445 756 2472 nunc
789 2431 839 2472 de
868 2443 934 2471 me
961 2430 1117 2478 faciam,
1148 2444 1236 2480 nec,
1267 2429 1363 2483 quid
1392 2445 1521 2484 agam,

217 2506 370 2540 certum
389 2500 490 2539 siet?

114 2565 296 2605 Membra
313 2571 424 2605 metu
443 2564 590 2605 debilia

165 2633 287 2672 Sunt:
317 2632 474 2672 animus
493 2629 650 2672 timore'

111 2698 348 2752 Obstupuit:
377 2704 538 2753 pectore
557 2698 617 2738 nil

165 2765 307 2806 Sistere
327 2766 465 2806 consili
485 2766 582 2818 quit.
