1670 3080
98 151 161 199 86
494 165 740 198 HEAUTON
777 163 1164 198 TIMORUMENOS.

98 251 240 305 Neque
259 251 417 291 illarum
438 251 577 291 affines
597 265 680 291 esse
699 265 844 299 rerum,
866 263 964 303 quas
982 251 1060 289 fert
1078 246 1359 289 adulescentia.

98 319 161 358 Ex
180 332 251 358 sua
268 319 432 359 libidine
451 319 719 366 moderantur,
740 331 847 357 nunc
867 330 958 370 quae
977 321 1046 364 est,
1068 328 1148 354 non
1169 327 1260 367 quae
1279 312 1373 353 olim
1391 312 1479 352 fuit.

98 385 203 424 Mihi
223 386 255 425 si
273 399 451 438 unquam
471 385 574 424 filius
594 385 678 433 erit,
699 398 764 424 nae
782 383 849 423 ille
868 383 976 422 facili
994 396 1060 422 me
1078 387 1213 421 utetur
1229 386 1341 434 patre
1359 393 1368 419 :
1536 381 1561 418 5

99 451 207 491 Nam
228 457 268 491 et-
287 451 552 503 cognoscendi
571 456 612 490 et
630 449 863 503 ignoscendi
882 449 1040 489 dabitur
1058 447 1212 501 peccati
1229 446 1363 486 locus:

98 517 191 556 Non
211 523 257 557 ut
275 531 400 566 meus,
423 517 490 569 qui
511 516 609 555 mihi
627 530 699 568 per
718 515 841 555 alium
861 514 1033 554 ostendit
1051 527 1164 553 suam
1183 512 1436 552 sententiam.

98 584 203 624 Perii
219 599 228 623 ε
258 584 291 624 is
310 585 378 633 mi,
398 584 468 623 ubi
487 583 639 623 adbibit
655 583 745 636 plus
763 583 894 636 paulo,
916 596 988 622 sua
1007 595 1098 634 quae
1117 584 1253 620 narrat
1268 579 1476 619 facinora?

97 650 216 690 Nunc
237 651 312 690 ait:
342 650 535 704 periclum
556 664 606 689 ex
626 649 711 689 aliis
730 649 861 698 facito,
883 650 954 688 tibi
974 649 1069 702 quid
1088 662 1139 687 ex
1155 661 1231 687 usu
1250 647 1336 687 siet.

97 718 290 756 Astutus:
319 730 384 756 nae
409 716 476 756 ille
504 716 613 756 haud
638 716 722 765 scit,
749 730 869 769 quam
894 715 993 755 mihi
1017 729 1124 754 nunc
1149 715 1268 754 surdo
1295 718 1431 754 narret
1450 714 1564 753 fabu-

259 783 351 823 lam.
1513 783 1563 820 10

99 849 232 903 Magis
259 863 367 889 nunc
392 863 457 889 me
481 850 621 890 amicae
642 850 748 889 dicta
773 849 1001 889 stimulant:
1035 848 1140 887 “Da
1171 847 1282 896 mihi,
1310 852 1430 901 atque
1453 846 1564 887 adfer

259 915 359 954 mihi
375 915 412 954 :’'

97 982 170 1021 Cui
190 983 297 1035 quod
315 983 577 1035 respondeam
595 982 653 1021 nil
672 982 820 1022 habeo:
841 996 971 1035 neque
991 996 1056 1022 me
1072 982 1281 1034 quisquam
1297 986 1358 1021 est
1370 981 1560 1021 miserior.

97 1047 204 1086 Nam
223 1047 289 1087 hic
310 1048 449 1097 Clinia,
472 1048 544 1088 etsi
563 1049 596 1088 is
615 1062 771 1101 quoque
790 1062 951 1088 suarum
970 1062 1103 1087 rerum
1123 1054 1184 1087 sat
1202 1047 1338 1100 agitat,
1359 1052 1495 1087 tamen

97 1114 233 1153 Habet
250 1114 352 1154 bene
373 1121 413 1154 et
430 1115 572 1168 pudice
593 1115 790 1163 eductam,
811 1115 993 1168 ignaram
1013 1114 1106 1154 artis
1125 1113 1370 1153 meretriciae.

96 1179 243 1220 Mea’st
260 1187 412 1234 potens,
433 1196 594 1235 procax,
615 1182 840 1235 magnifica,
863 1187 1076 1230 sumtuosa,
1098 1180 1253 1220 nobilis.
1511 1183 1559 1220 15

95 1246 198 1286 Tum
220 1249 325 1301 quod
344 1248 436 1288 dem
457 1249 504 1298 ei,
526 1249 684 1288 recte'st
700 1264 709 1288 :
730 1263 824 1288 nam
843 1249 944 1288 nihil
964 1263 1047 1288 esse
1063 1248 1162 1288 mihi
1180 1248 1371 1301 religio’st
1388 1248 1531 1288 dicere.

96 1314 187 1354 Hoc
207 1329 281 1368 ego
301 1315 397 1355 mali
415 1329 497 1355 non
516 1316 671 1369 pridem
691 1316 827 1355 inveni
845 1330 852 1354 :
884 1329 1013 1368 neque
1033 1316 1154 1355 etiam
1173 1315 1270 1354 dum
1289 1315 1364 1355 scit
1380 1320 1504 1368 pater.

529 1515 706 1555 ACTUS
737 1516 794 1554 ΙΙ.
854 1514 1034 1554 SCENA
1066 1514 1123 1553 ΙΙ.

609 1622 773 1661 ΟιῐΝιΑ.
833 1622 1051 1660 Cnrru‘no.

94 1727 210 1766 ΟΜΝ.
234 1728 275 1766 Si
294 1727 393 1766 mihi
412 1727 598 1767 secundae
617 1741 680 1766 res
699 1727 747 1766 de
769 1741 901 1766 amore
921 1740 1011 1766 meo
1027 1731 1168 1775 essent,
1183 1726 1272 1779 jam
1286 1727 1448 1775 dudum,
1466 1727 1557 1775 scio,

96 1794 279 1834 Venisset
295 1809 303 1833 τ
335 1795 404 1834 sed
423 1809 572 1843 vereor,
593 1808 644 1833 ne
663 1794 807 1833 mulier
820 1808 885 1833 me
906 1795 1068 1833 absente
1088 1793 1153 1833 hic
1173 1800 1357 1847 corrupta
1375 1794 1436 1834 sit.

94 1861 345 1900 Concurrunt
362 1861 500 1909 multa,
522 1861 750 1914 opinionem
769 1860 873 1899 hanc
894 1874 983 1912 quae
1003 1859 1102 1899 mihi
1122 1859 1256 1899 animo
1275 1865 1499 1912 exaugeam
1517 1874 1525 1898 ε

95 1926 277 1975 Occasio,
297 1926 418 1974 locus,
439 1931 547 1975 aetas,
567 1931 706 1973 mater,
728 1925 839 1977 cujus
859 1926 931 1964 sub
950 1925 1179 1978 imperio’st,
1200 1925 1332 1964 mala:

95 1992 167 2031 Cui
187 1992 243 2031 nil
256 1992 343 2044 jam
362 1997 508 2044 praeter
525 1991 696 2045 pretium
716 1990 893 2029 dulce'st.
972 1991 1086 2029 Cur.
1123 1990 1263 2030 Clinia.
1322 1990 1441 2030 ΟΜΝ.
1477 1990 1559 2029 Hei

255 2057 400 2096 inisero
418 2056 528 2095 mihi.
1531 2058 1556 2095 5

95 2125 208 2163 Cmr.
241 2124 373 2163 Etiam
393 2137 521 2172 caveS,
541 2137 592 2162 ne
612 2123 746 2162 videat
763 2122 863 2162 forte
882 2121 948 2160 hic
967 2126 1006 2160 te
1027 2135 1051 2160 a
1068 2126 1179 2174 patre
1200 2120 1341 2173 aliquis
1361 2122 1528 2161 exiens?

96 2192 212 2230 CLIN.
244 2191 406 2230 Faciam
423 2205 432 2229 ε
453 2191 523 2230 sed
541 2190 674 2229 nescio
690 2189 785 2242 quid
802 2189 979 2242 profecto
997 2188 1054 2227 mi
1073 2188 1229 2228 animus
1247 2188 1435 2242 praesagit
1447 2188 1555 2228 mali.

96 2258 209 2296 Οωτ.
240 2257 399 2310 Pergin’
418 2257 519 2296 istuc
538 2256 646 2309 prius
665 2255 891 2308 dijudicare,
914 2268 1033 2307 quam
1053 2254 1164 2302 scias,
1186 2254 1281 2306 quid
1298 2255 1356 2310 rei
1376 2254 1478 2294 siet?

96 2325 213 2362 ΟΜΝ.
245 2323 286 2362 Si
318 2323 375 2362 nil
402 2322 498 2362 mali
524 2327 636 2370 esset,
665 2321 752 2374 jam
778 2321 844 2359 hic
870 2320 1033 2359 adesset.
1138 2320 1251 2359 Cm‘r.
1296 2320 1390 2359 Jam
1419 2321 1554 2361 aderit.

259 2390 376 2428 CmN.
417 2388 587 2433 Quando
606 2388 706 2427 istuc
720 2388 807 2441 jam
827 2386 928 2425 erit?

99 2455 211 2494 Cur.
243 2455 335 2493 Non
352 2445 517 2507 cogitas,
527 2453 622 2493 hinc
636 2452 795 2505 longule
811 2451 921 2491 esse?
941 2456 980 2490 et
994 2452 1096 2490 nosti
1111 2465 1240 2491 mores
1251 2452 1482 2492 mulierum:
1506 2456 1555 2493 10

98 2521 207 2559 Dum
226 2520 452 2568 moliuntur,
474 2519 569 2559 dum
590 2524 811 2566 comuntur,
834 2530 960 2557 annus
980 2522 1050 2556 est.
1136 2518 1253 2557 ΟΜΝ.
1293 2520 1330 2558 Ο
1351 2517 1534 2573 Clitipho,

100 2586 251 2626 Timeo.
336 2586 449 2624 Cnrr.
490 2584 680 2638 Respira:
730 2597 867 2623 eccum
905 2579 1149 2622 Dromonem
1187 2597 1278 2623 cum
1317 2585 1415 2637 Syro
1446 2598 1528 2625 una
1544 2601 1554 2624 ι

260 2652 403 2691 adsunt
420 2651 503 2690 tibi.
1216 2657 1219 2661 ’
