1670 3080
564 123 723 155 Ac'rns
762 123 806 154 v,
876 123 1040 155 SCENA
1077 124 1122 155 ν.
1503 111 1561 163 71

90 208 264 250 Obsecro
283 222 335 250 an
354 209 388 249 is
407 210 496 249 est?
550 209 622 250 ΡΑ.
663 209 727 250 Ne
747 223 868 263 quam
887 210 929 249 in
948 209 1063 249 illum
1082 208 1204 250 Thais
1224 211 1306 250 vim
1325 211 1412 251 fieri
1431 213 1547 254 sinat.

89 275 224 328 Atque
238 276 338 316 adeo
358 282 491 316 autern
511 290 581 316 cur
599 290 681 316 non
701 282 860 330 egomet
877 276 981 316 intro
1001 277 1078 316 eo?
1129 277 1202 316 Pr.
1218 277 1333 326 Vide,
1353 278 1564 330 Parmeno,

88 342 195 388 Quid
213 356 320 396 agas,
342 357 394 383 ne
414 357 544 396 neque
564 343 622 383 illi
640 344 778 397 prosis,
801 349 840 383 et
859 349 904 383 tu
921 357 1083 397 pereas:
1113 358 1209 384 nam
1229 343 1305 384 hoc
1324 351 1479 398 putant,

86 409 287 462 Quicquid
312 411 523 460 factum'st,
553 425 577 451 a
602 416 641 450 te
667 424 750 450 esse
779 416 922 450 ortum.
1009 411 1081 450 ΡΛ.
1121 411 1230 456 Quid
1261 411 1384 465 igitur
1411 413 1557 454 faciam

251 476 372 516 miser
383 478 398 516 2
641 530 645 532 .

85 541 242 589 Quidve
261 543 481 597 incipiam?
510 558 600 584 ecce
621 549 754 584 autem
774 543 890 583 video
908 557 999 583 rure
1019 544 1253 584 redeuntem
1273 558 1434 585 senem:
1506 549 1557 587 45

85 608 230 650 Dicam
257 609 361 659 huic,
395 624 447 650 an
480 625 562 650 non
595 611 756 650 dicam?
784 610 914 650 dicam
940 610 1100 650 hercle:
1131 611 1204 651 etsi
1229 611 1329 651 mihi
1360 626 1555 665 magnum

248 677 402 716 malum

84 743 173 784 Scio
191 750 375 798 paratum
392 759 400 784 :
432 746 502 785 sed
519 758 679 785 necesse
700 749 784 784 est:
814 744 908 784 huic
926 749 973 783 ut
991 745 1212 784 subveniat.
1300 745 1372 785 Pr.
1410 746 1537 800 Sapis.

83 811 171 865 Ego
189 813 288 853 abeo
306 812 437 853 intro:
467 818 512 853 tu
529 812 594 852 isti
606 826 730 858 narra
750 825 911 852 omnem
931 812 1123 861 ordinem,
1144 817 1190 851 ut
1206 812 1358 853 factum
1379 812 1464 852 siet.

527 1012 704 1052 ACTUS
735 1013 801 1063 V·.
845 1012 1027 1052 SCENA
1057 1013 1108 1053 V.

588 1114 768 1154 LAcmas.
827 1115 1047 1155 PARMENO.

85 1217 161 1256 LA.
201 1215 266 1256 Ex
282 1229 374 1256 meo
393 1214 616 1269 propinquo
635 1227 726 1254 rure
746 1214 821 1255 hoc
842 1215 955 1268 capio
975 1216 1174 1255 commodi
1192 1231 1200 1255 z

81 1283 224 1336 Neque
243 1283 340 1336 agri,
360 1293 491 1336 neque
510 1282 619 1322 urbis
639 1282 774 1322 odium
794 1296 859 1322 me
878 1296 1057 1335 unquam
1076 1283 1255 1338 percipit.

80 1351 161 1391 Ubi
180 1351 297 1391 satias
317 1351 439 1404 coepit
456 1351 554 1400 fieri,
577 1356 778 1390 commuto
797 1350 942 1390 locum.

81 1419 161 1459 Sed
180 1425 290 1458 estne
309 1418 376 1458 ille
395 1423 529 1458 noster
549 1418 774 1457 Parmeno?
803 1423 843 1457 et
861 1423 966 1457 certe
986 1418 1094 1471 ipsus
1115 1424 1185 1458 est.

81 1486 211 1531 Quem
230 1485 470 1539 praestolare,
494 1485 702 1534 Parmeno,
723 1485 789 1524 hic
809 1491 902 1525 ante
921 1485 1093 1525 ostium?
1522 1491 1546 1527 5

80 1554 153 1593 ΡΑ.
193 1553 293 1599 Quis
310 1552 509 1592 homo’st?
538 1551 654 1591 ehem
671 1552 680 1591 !
711 1551 863 1591 salvom
883 1558 921 1591 te
941 1552 1147 1593 advenisse
1166 1553 1334 1606 gaudeo.

80 1622 154 1662 LA.
213 1622 344 1666 Quem
389 1619 618 1674 praestolare
637 1620 653 1659 ¹?
754 1620 827 1659 ΡΑ.
876 1619 982 1659 Perii
1002 1635 1011 1659 :
1070 1620 1211 1673 lingua
1256 1621 1384 1661 haeret
1429 1628 1552 1661 metu.

243 1689 318 1729 LA.
360 1689 469 1728 Hem
486 1688 496 1727 !

79 1755 187 1801 Quid
205 1761 275 1805 est,
297 1755 404 1808 quod
422 1760 466 1794 tu
484 1753 687 1807 trepidas?
715 1753 841 1793 satine
862 1752 997 1792 salve?
1025 1753 1087 1792 dic
1108 1753 1218 1792 mihi.

78 1824 151 1863 ΡΑ.
191 1824 314 1872 Here,
334 1823 510 1876 primum
530 1827 569 1861 te
590 1821 770 1860 arbitrari
789 1820 841 1869 id,
865 1820 971 1872 quod
989 1834 1051 1859 res
1072 1827 1141 1868 est,
1164 1820 1285 1860 velim
1303 1836 1311 1859 :

78 1889 282 1942 Quicquid
299 1888 419 1942 hujus
437 1886 650 1935 factum'st,
671 1885 790 1938 culpa
809 1899 887 1924 non
908 1886 1110 1925 faetum'st
1128 1899 1231 1926 mea.
1505 1890 1555 1927 10

77 1957 153 1997 LA.
193 1956 330 2001 Quid?
413 1955 486 1994 ΡΑ.
526 1953 650 1993 Recte
670 1966 764 1992 sane
784 1952 1036 2005 interrogasti
1054 1967 1062 1991 ε
1093 1954 1250 2007 opertui

78 2024 182 2064 Rem
199 2035 465 2077 praenarrasse
485 2034 551 2060 me
569 2034 578 2059 ι
610 2019 708 2059 emit
726 2020 928 2073 quendam
950 2019 1135 2060 Phaedria

76 2090 328 2139 Eunuchum,
351 2102 469 2142 quem
484 2088 588 2127 dono
605 2086 699 2126 huic
719 2087 840 2126 daret.
926 2087 1002 2126 LA.
1043 2087 1148 2127 Cui?
1231 2088 1303 2127 PA.
1344 2087 1502 2128 Thaidi.

76 2158 151 2198 LA.
190 2157 328 2197 Emit?
355 2156 455 2210 perii
473 2155 632 2195 hercle:
663 2154 829 2208 quanti?
912 2155 985 2194 ΡΑ.
1025 2155 1183 2208 Viginti
1201 2156 1336 2196 minis.

76 2226 150 2266 LA.
181 2224 392 2266 Actum'st.
449 2223 523 2263 ΡΑ.
554 2223 660 2262 Tum
680 2221 882 2274 quandam
901 2221 1106 2262 fidicinam
1125 2228 1234 2263 amat
1251 2222 1347 2263 hinc
1368 2223 1547 2263 Chaerea.

237 2293 313 2333 LA.
354 2292 464 2331 Hem
481 2290 491 2330 ἔ
1498 2290 1546 2329 15

76 2360 211 2407 Quid?
239 2359 376 2400 amat?
404 2372 456 2398 an
471 2357 557 2411 jam
577 2357 651 2398 scit
668 2356 735 2396 ille
756 2356 853 2409 quid
870 2357 1061 2397 meretrix
1079 2357 1181 2397 siet?

75 2430 144 2469 An
162 2429 206 2468 in
225 2433 312 2481 asty
331 2426 464 2467 venit?
492 2425 601 2465 aliud
620 2438 671 2465 ex
690 2424 767 2464 alio
786 2423 938 2463 malum
955 2423 964 2463 !

76 2496 149 2538 Pa.
189 2496 299 2536 Here
319 2509 370 2534 ne
390 2508 456 2534 me
476 2498 627 2547 spectes
644 2507 653 2532 ε
682 2506 748 2532 me
768 2491 983 2545 impulsore
1001 2491 1090 2532 haec
1109 2505 1188 2532 non
1211 2492 1319 2531 facit.

77 2564 151 2604 LA.
193 2563 358 2609 Omitte,
379 2562 428 2601 de
448 2567 487 2600 te
508 2560 638 2600 dicere
655 2574 664 2599 ε
695 2573 769 2612 ego
789 2564 840 2607 te,
861 2559 1036 2608 furcifer,

15 2635 31 2648 ³⁴
68 2626 119 2670 ¹Si
137 2628 355 2671 vivo—sed
373 2628 474 2667 istuc
495 2627 684 2680 quicquid
703 2632 771 2675 est,
792 2626 968 2679 primum
988 2627 1142 2679 expedi.
1500 2629 1551 2665 20

77 2697 150 2738 ΡΛ.
193 2698 234 2737 Is
251 2710 324 2751 pro
342 2695 410 2735 illo
431 2694 627 2735 Eunucho
646 2694 698 2734 ad
716 2693 914 2756 Thaidem
932 2693 1012 2733 huc
1033 2693 1227 2733 deductus
1246 2698 1316 2733 est.

79 2765 154 2806 LA.
194 2765 272 2804 Pro
293 2762 557 2804 Eunuchon’?
613 2762 686 2801 ΡΑ.
729 2762 792 2801 Sic
813 2767 896 2801 est:
925 2761 1035 2801 hunc
1054 2775 1126 2815 pro
1146 2761 1306 2801 moecho
1324 2767 1464 2815 postea

26 2828 47 2864 ¹·
80 2830 426 2885 Comprehendere
445 2829 565 2878 intus,
587 2834 627 2868 et
646 2828 930 2868 constrinxere.
1018 2828 1093 2867 LA.
1134 2827 1286 2867 Occidi.
