1670 3080
506 122 666 155 ACTUS
703 120 736 151 Ι.
808 119 973 151 SCENA
1006 118 1062 150 11.

50 213 171 263 Nam,
193 211 262 266 qui
280 209 441 251 mentiri
460 214 530 248 aut
546 206 698 254 fallere,
720 205 775 244 ita
793 204 852 244 uti
871 204 928 253 fit,
949 209 1105 257 patrem
1175 236 1177 238 .

48 279 238 328 Audebit,
260 283 373 318 tanto
393 276 521 330 magis
542 274 704 314 audebit
723 278 887 312 ceteros.

49 347 206 389 Pudore
228 351 268 387 et
285 343 521 388 liberalitate
540 342 686 382 liberos

47 415 250 463 Retinere,
273 412 395 453 satius
416 424 500 450 esse
522 409 652 458 credo,
675 421 797 462 quam
816 411 939 447 metu.

47 483 150 523 Haec
169 480 282 521 fratri
300 492 459 520 mecum
479 490 561 516 non
581 475 838 522 conveniunt,
861 486 991 527 neque
1011 471 1184 526 placent.

46 549 171 590 Venit
189 549 241 589 ad
259 562 324 588 me
345 560 451 600 saepe
474 545 663 592 clamans,
686 542 794 588 Quid
814 542 912 595 agiS‚
935 540 1089 580 Micio?

45 617 127 657 Cur
144 615 277 673 perdis
298 614 595 655 adulescentem
614 603 758 651 nobis?
787 624 858 650 cur
878 609 1015 649 amat?

45 683 126 723 Cur
143 681 284 736 potat?
312 694 383 721 cur
402 686 445 719 tu
463 679 526 719 his
545 679 663 718 rebus
683 682 859 717 sumtum
876 675 1090 729 suggeris?

44 750 205 790 Vestitu
222 748 347 789 nimio
366 747 575 800 indulges:
605 745 778 785 nimium
796 745 957 797 ineptus
977 757 1031 783 es.

44 818 228 858 Nimium
247 817 332 871 ipse
353 822 412 856 est
431 816 552 855 durus
571 819 718 868 praeter
737 826 980 866 aequumque
1001 817 1042 851 et
1059 811 1235 851 bonum:

44 887 98 928 Et
117 893 221 927 errat
238 886 370 940 longe,
392 899 484 925 mea
503 884 667 938 quidem
686 881 897 930 sententia,

43 955 125 1001 Qui
142 954 358 1008 imperium
378 953 514 993 credat
532 951 694 1005 gravius
714 963 798 990 esse
819 955 889 990 aut
908 948 1099 997 stabilius,

44 1022 98 1062 vi
118 1022 226 1076 quod
244 1021 300 1071 fit,
322 1035 443 1075 quam
462 1019 572 1069 illud,
595 1019 703 1073 quod
723 1018 900 1058 amicitia
919 1017 1162 1071 adjungitur.

43 1088 142 1129 Mea
159 1088 215 1128 sic
235 1093 296 1128 est
313 1087 426 1136 ratio,
448 1091 488 1126 et
506 1086 562 1126 sic
582 1085 764 1126 animum
782 1085 930 1125 induco
948 1097 1086 1126 meum
1104 1098 1113 1123 ε

43 1156 157 1197 Malo
176 1162 337 1197 coactus
356 1155 426 1210 qui
445 1169 561 1195 suum
582 1153 759 1193 officium
778 1153 886 1202 facit,

43 1224 154 1265 Dum
173 1224 216 1264 id
233 1223 424 1264 rescitum
442 1222 490 1262 iri
510 1221 646 1271 credit,
669 1221 866 1275 tantisper
884 1226 1021 1261 cavet:

43 1292 86 1332 Si
105 1298 248 1346 sperat,
269 1292 353 1332 fore
374 1291 490 1340 clam,
511 1304 669 1330 rursum
688 1289 740 1330 ad
759 1289 968 1343 ingenium
987 1288 1102 1330 redit.

43 1359 131 1409 Ille,
153 1373 272 1413 quem
291 1359 487 1400 beneficio
506 1358 713 1412 adjungas,
736 1372 787 1397 ex
806 1357 942 1396 animo
961 1356 1059 1396 facit
1076 1370 1084 1395 :

44 1426 187 1467 Studet
203 1441 277 1480 par
295 1427 441 1467 referre
457 1441 466 1475 ;
498 1439 674 1479 praesens
694 1426 915 1477 absensque
934 1423 1042 1463 idem
1063 1423 1148 1463 erit.

42 1493 135 1534 Hoc
155 1493 330 1547 patrium
350 1498 420 1542 est,
442 1493 573 1546 potius
595 1492 874 1532 consuefacere
894 1491 1022 1530 filium

42 1559 124 1600 Sua
142 1565 283 1614 sponte
303 1565 409 1600 recte
428 1559 571 1607 facere,
594 1572 716 1612 quam
736 1558 868 1598 alieno
887 1564 998 1598 metu
1015 1572 1024 1597 ε

42 1625 134 1667 Hoc
154 1633 269 1680 pater
287 1640 333 1666 ac
353 1625 539 1666 dominus
558 1626 722 1666 interest
738 1639 747 1664 :
777 1624 853 1665 hoc
874 1624 942 1678 qui
962 1625 1112 1679 nequit,

42 1692 244 1744 Fateatur,
266 1693 420 1733 nescire
440 1693 638 1746 imperare
658 1692 805 1732 liberis.

41 1759 122 1800 Sed
141 1765 252 1800 estne
270 1759 336 1799 hic
356 1760 476 1813 ipsus,
498 1759 548 1798 de
569 1773 647 1812 quo
667 1758 864 1813 agebam?
893 1763 933 1798 et
952 1764 1058 1799 certe
1078 1758 1112 1798 is
1131 1763 1202 1798 est.

41 1825 189 1867 Nescio
209 1826 306 1880 quid
324 1826 477 1866 tristem
498 1826 614 1866 video
630 1840 638 1865 :
670 1826 788 1866 credo
801 1824 900 1878 jam,
922 1830 967 1865 ut
985 1825 1096 1873 solet,

41 1892 68 1932 J
70 1892 241 1945 urgabit.
300 1891 462 1932 Salvom
482 1897 521 1932 te
541 1891 743 1940 advenire,
767 1891 934 1940 Demea,

42 1959 290 2001 Gaudemus.

487 2160 668 2202 ACTUS
699 2159 734 2200 Ι.
794 2159 977 2201 SCENA
1009 2159 1068 2199 ΙΙ.

591 2266 761 2306 Damna.
821 2265 970 2305 M1cxo.

97 2371 176 2411 Da.
207 2369 362 2411 Ehem!
394 2374 644 2423 opportune:
675 2374 714 2408 te
733 2369 865 2422 ipsum
886 2370 1067 2422 quaerito,

44 2437 123 2478 Mr.
162 2438 270 2483 Quid
288 2436 408 2486 tristis
428 2437 499 2476 es?
582 2436 662 2475 DE.
702 2436 838 2489 Rogas
857 2450 935 2485 me,
956 2437 1026 2476 ubi
1045 2437 1160 2477 nobis
1180 2437 1397 2480 AEschinus

45 2494 139 2555 Sie't,
161 2505 257 2560 quid
274 2504 395 2545 tristis
414 2518 488 2557 ego
508 2503 614 2543 sim?
698 2503 776 2543 M1.
816 2504 956 2543 Dixin'
975 2504 1052 2544 hoc
1071 2505 1184 2545 fore?

45 2572 151 2633 Quid
168 2573 289 2613 fecit?
371 2572 450 2612 DE.
491 2571 600 2616 Quid
617 2571 684 2611 ille
703 2571 871 2611 fecerit?
899 2584 1019 2624 quem
1038 2586 1169 2627 neque
1188 2573 1314 2626 pudet

45 2637 268 2692 Quicquam
286 2653 295 2678 :
324 2652 399 2679 nec
418 2639 562 2678 metuit
581 2652 810 2692 quenquam
828 2652 836 2678 :
867 2651 998 2692 neque
1017 2637 1149 2692 legem
1167 2645 1283 2693 putat

44 2702 198 2744 Tenere
217 2718 258 2744 se
277 2705 402 2744 ullam
419 2719 427 2744 :
458 2719 553 2744 nam
572 2704 651 2753 illa,
674 2718 764 2757 quae
784 2705 953 2745 antehac
972 2705 1079 2746 facta
1098 2712 1202 2755 sunt,

46 2767 198 2809 Omitto
215 2783 224 2809 :
253 2770 373 2810 modo
393 2771 490 2823 quid
508 2771 762 2824 designavit?
846 2771 924 2811 M1.
965 2772 1168 2817 Quidnam
1187 2773 1230 2814 id
1248 2774 1338 2815 est?

45 2833 126 2876 Dr..
165 2836 287 2877 Fores
306 2836 472 2890 effregit,
495 2843 614 2890 atque
633 2838 676 2878 in
696 2838 804 2878 aedes
822 2839 938 2879 irruit

1433 101 1526 151 119

1476 206 1529 243 30

1475 541 1525 577 35

1471 881 1525 919 40

1473 1221 1523 1258 45

1472 1561 1524 1598 50

1470 1894 1519 1933 55
