1670 3080
127 99 223 145 102
518 113 766 158 HEAuroN
802 113 1192 145 TIMORUMENOS.

126 203 233 243 Nam
253 203 322 256 qui
341 202 406 242 ille
426 203 569 256 poterit
588 217 671 242 esse
691 203 733 243 in
754 209 851 253 tuto,
873 204 935 244 dic
955 204 1069 244 mihi.
1540 205 1594 242 30

124 272 192 310 Sr.
235 270 342 309 Huic
363 269 546 322 equidem
567 270 729 309 consilio
748 270 923 323 palmam
944 270 994 309 do
1012 285 1020 309 ε
1058 270 1124 310 hic
1144 284 1208 309 me
1228 258 1441 323 magnifice
1460 267 1592 317 effero,
1612 314 1619 317 ‚

123 338 203 382 Qui
223 337 304 377 vim
325 343 477 376 tantam
496 337 538 375 in
557 351 621 375 me
642 343 682 376 et
699 343 934 390 potestatem
954 337 1124 376 habeam
1144 342 1266 376 tantae
1286 336 1454 384 astutiae,

125 405 233 443 Vera
252 403 419 443 dicendo
437 409 482 442 ut
501 417 566 442 eos
585 404 721 443 ambos
740 404 877 443 fallam
894 419 902 452 ;
933 410 978 442 ut
997 417 1088 442 cum
1108 409 1244 442 narret
1261 416 1387 442 senex

127 471 268 511 Voster
287 478 430 519 nostro,
453 484 536 509 esse
557 471 672 509 istam
693 470 862 510 amicam
880 471 1003 522 gnati,
1025 483 1106 508 non
1127 470 1262 509 credat
1281 475 1429 508 tamen.

126 538 195 578 Cn.
244 538 301 576 At
347 537 454 576 enim
501 551 612 590 spem
654 537 752 576 istoc
798 544 915 590 pacto
957 550 1114 576 rursum
1155 536 1387 590 nuptiarum
1428 547 1591 575 omnem

292 604 424 657 eripis.
1541 603 1592 641 35

126 672 234 711 Nam
254 672 350 711 dum
370 671 540 710 amicam
559 670 663 710 hanc
683 685 815 710 meam
837 685 919 710 esse
940 670 1085 718 credet,
1113 683 1194 709 non
1215 668 1436 709 committet
1454 668 1593 708 filiam.

129 738 192 778 Tu
210 738 304 786 fors,
327 738 423 789 quid
441 751 506 776 me
525 737 605 786 fiat,
626 737 739 789 parvi
757 737 910 789 pendis,
933 736 1028 774 dum
1050 735 1107 774 illi
1127 734 1325 774 consulas.

125 803 196 846 SY.
238 804 355 852 Quid,
377 804 540 852 malum,
562 817 626 842 me
647 810 806 843 aetatem
826 817 963 842 censes
982 802 1082 841 velle
1103 802 1145 841 id
1164 800 1458 841 assimularier?

126 874 242 912 Vnus
262 877 320 910 est
339 871 434 919 dies,
457 870 552 909 dum
572 876 782 922 argentum
803 870 940 923 eripio.
1002 870 1087 908 Pax
1103 869 1111 908 !
1143 868 1243 908 nihil
1263 867 1445 921 amplius.

132 939 198 978 C1..
237 938 412 977 Tantum
446 943 506 976 sat
541 937 692 976 habes?
738 937 834 990 quid
865 943 949 975 tum
983 950 1130 989 quaeso,
1163 936 1196 974 si
1225 935 1300 974 hoc
1333 939 1446 987 pater
1477 933 1598 972 resci-

297 1004 399 1043 verit
411 1005 427 1043 ’.Ρ
1543 1001 1598 1038 40

133 1074 199 1111 Sr.
239 1071 346 1116 Quid
365 1071 426 1110 si?
455 1070 574 1110 redeo
594 1071 646 1110 ad
665 1070 762 1119 illos,
786 1070 854 1123 qui
874 1070 997 1118 aiunt,
1020 1069 1116 1121 quid
1135 1069 1168 1108 si
1186 1082 1293 1108 nunc
1314 1067 1461 1107 coelum
1481 1066 1598 1106 ruat?

130 1134 199 1178 CL.
240 1139 392 1187 Metuo,
415 1138 510 1191 quid
529 1152 659 1190 agam.
746 1138 811 1176 SY.
852 1137 1031 1176 Metuis?
1059 1137 1172 1189 quasi
1190 1150 1271 1175 non
1291 1150 1339 1175 ea
1356 1140 1530 1189 potestas
1548 1133 1600 1174 sit

247 1214 249 1217 ’
296 1212 375 1254 tua,

126 1275 220 1319 Quo
239 1272 336 1312 velis
356 1272 397 1311 in
418 1277 594 1325 tempore
613 1277 658 1310 ut
676 1277 714 1311 te
734 1270 915 1310 exsolvas
931 1284 940 1309 z
970 1284 1055 1309 rem
1074 1269 1194 1308 facias
1215 1268 1361 1322 palam.

131 1341 201 1379 Cr..
241 1339 345 1392 Age,
367 1352 453 1392 age,
475 1338 705 1378 traducatur
725 1337 905 1377 Bacchis.
983 1337 1050 1375 Sr.
1082 1337 1257 1388 Optume
1276 1335 1363 1388 ipsa
1382 1334 1465 1374 exit
1482 1333 1599 1374 foras.

513 1538 521 1549 '
553 1537 733 1578 ACTUS
763 1535 839 1576 IV.
899 1535 1080 1574 SCENA
1111 1534 1187 1574 IV.

309 1642 504 1683 BACCmS.
563 1640 728 1679 Cumis.
787 1640 933 1679 Srnus.
991 1639 1160 1678 Dnouo.
1220 1638 1429 1678 Puarou.

133 1747 207 1787 BA.
248 1746 350 1786 Satis
369 1744 435 1798 pol
454 1749 635 1797 proterve
654 1755 726 1781 me*
741 1741 832 1794 Syri
850 1739 1045 1793 promissa
1062 1738 1141 1778 huc
1160 1739 1421 1788 induxerunt,

133 1814 289 1855 Decem
307 1813 450 1860 minas,
472 1825 569 1864 quas
587 1809 687 1849 mihi
707 1809 801 1848 dare
823 1813 882 1847 est
900 1805 1098 1860 pollicitus
1115 1819 1124 1844 ε
1155 1806 1262 1858 quod
1278 1806 1313 1845 si
1330 1805 1364 1845 is
1382 1818 1490 1846 nunc
1509 1818 1575 1845 me

133 1880 358 1935 Deceperit,
381 1893 485 1931 saepe
507 1879 717 1917 obsecrans
735 1889 813 1923 me,
834 1880 879 1913 ut
899 1873 1070 1921 veniam,
1089 1872 1235 1912 frustra
1253 1872 1387 1911 veniet

135 1949 221 1988 Aut
239 1960 330 1987 cum
352 1951 561 1985 venturam
581 1942 719 1982 dixero
739 1946 778 1980 et
797 1939 1049 1986 constituero,
1071 1951 1163 1977 cum
1182 1937 1216 1976 is
1235 1943 1343 1977 certo
1663 1988 1665 1990 Ι

134 2012 412 2060 Renuntiabit,
435 2009 608 2063 Clitipho
628 2022 720 2048 cum
738 2007 782 2046 in
803 2019 871 2058 spe
891 2004 1082 2058 pendebit
1100 2004 1250 2053 animi3
1578 2006 1603 2043 5
1664 2003 1670 2010 ”

135 2080 358 2134 Decipiam‚
381 2092 427 2118 ac
447 2091 528 2118 non
548 2076 721 2116 veniam.
781 2074 902 2126 Syrus
922 2071 1021 2110 mihi
1041 2076 1151 2124 tergo
1169 2084 1309 2124 poenas
1328 2071 1488 2125 pendet.
1668 2062 1670 2067 ’

137 2149 207 2188 Cn.
247 2147 351 2187 Satis
371 2146 467 2186 scite
487 2143 683 2198 promittit
702 2141 785 2180 tibi.
873 2140 939 2179 SY.
979 2138 1106 2191 Atqui
1124 2143 1169 2177 tu
1185 2137 1290 2178 hanc
1303 2138 1430 2191 jocari
1449 2137 1605 2178 credis?

137 2214 283 2262 Faciet,
305 2212 381 2252 nisi
400 2225 533 2252 caveo.
605 2210 679 2249 BA.
715 2207 956 2247 Dormiunt:
988 2219 1061 2257 ego
1079 2204 1147 2258 pol
1165 2204 1260 2244 istos
1280 2205 1550 2244 commovebo.

138 2280 236 2321 Mea
255 2278 442 2332 Phrygia,
460 2275 659 2323 audistin’,
672 2274 790 2314 modo
806 2273 879 2312 iste
894 2272 1016 2311 homo
1033 2285 1154 2325 quam
1168 2270 1304 2310 villam
1323 2270 1609 2311 demonstravit
1668 2276 1670 2278 ’

138 2347 331 2388 Charini?
414 2345 490 2384 Pu.
529 2341 691 2382 Audivi.
777 2341 852 2383 BA.
893 2340 1137 2378 Proxumam
1167 2351 1251 2378 esse
1282 2336 1375 2377 huic
1405 2336 1529 2376 fundo
1556 2337 1609 2376 ad

308 2412 519 2453 dextram?
602 2410 678 2448 Pu.
722 2407 903 2447 Memini.
1556 2405 1608 2443 10

138 2483 214 2523 BA.
255 2479 461 2521 Curriculo
479 2490 663 2532 percurre
681 2490 690 2515 :
721 2475 828 2529 apud
848 2488 941 2514 eum
959 2473 1075 2514 miles
1097 2472 1291 2526 Dionysia
1309 2471 1445 2524 agitat.

141 2551 208 2590 SY.
247 2548 356 2594 Quid
373 2547 460 2586 haec
481 2544 657 2598 coeptat?
739 2543 814 2582 BA.
855 2541 944 2590 Dic,
973 2554 1038 2580 me
1065 2539 1131 2580 hic
1157 2538 1303 2593 oppido
1330 2553 1415 2579 esse
1440 2537 1607 2578 invitam

304 2621 422 2668 atque
442 2611 633 2654 asservari
651 2626 660 2650 τ

141 2685 296 2725 Verum
316 2682 448 2734 aliquo
467 2684 584 2733 pacto
604 2678 725 2718 verba
742 2690 807 2716 me
827 2675 890 2715 his
909 2676 1092 2716 daturam
1111 2687 1196 2713 esse
1216 2678 1257 2713 et
1274 2677 1499 2712 venturam.

143 2752 211 2792 Sr.
256 2749 362 2791 Perii
397 2747 557 2787 hercle!
615 2744 796 2792 Bacchis,
835 2757 966 2792 mane,
1005 2755 1153 2812 mane:
1193 2754 1273 2795 quo
1308 2739 1433 2780 mittis
1451 2738 1608 2793 jamne,
1661 2777 1663 2780 Α

310 2815 476 2870 quaeso‘?
