1670 3080
105 157 121 201 1
137 154 200 202 34
716 140 960 201 AnELPm.

532 323 711 367 ACTUS
746 324 820 364 IV.
880 323 1061 364 SCENA
1093 324 1126 364 Ι.

616 427 840 467 ΟΤΕεῙΡΗο.
899 427 1047 466 Simus.

96 527 164 567 Cr.
206 526 313 577 Ain’,
333 532 488 580 patrem
506 526 602 566 hinc
621 526 748 566 abisse
768 525 865 566 rus?
921 527 988 566 SY.
1029 526 1054 566 J
1057 539 1123 566 am
1143 525 1313 567 dudum.⁴
1377 529 1447 569 Cr.
1485 529 1565 571 Dic

253 594 380 634 sodes.
466 594 533 633 Sr.
573 592 696 646 Apud
716 591 913 632 villam'st.
1449 583 1452 586 ⁴

93 660 214 701 Nunc
243 674 335 701 cum
361 673 550 700 maxume
579 660 709 714 operis
737 659 888 713 aliquid
912 659 1043 700 facere
1071 660 1201 700 credo.
1287 661 1357 701 Cr.
1398 662 1564 704 Utinam

254 728 426 780 quidem,

92 795 210 839 Quod
229 809 319 835 cum
339 795 464 835 salute
485 796 569 850 ejus
589 795 670 844 fiat,
691 795 748 835 ita
767 809 808 835 se
827 794 1055 849 defetigarit
1073 795 1207 845 velim,

90 861 146 900 Ut
165 862 294 901 triduo
311 861 386 902 hoe
405 867 598 916 perpetuo
615 875 797 916 prorsum
817 876 838 902 e
857 861 961 902 lecto
980 868 1154 915 nequeat
1172 876 1344 917 surgere.

91 928 158 967 SY.
199 927 261 968 Ita
286 927 368 977 fiat,
397 934 436 968 et
463 929 561 968 istoc
587 929 620 968 si
649 928 745 982 quid
769 929 873 982 potis
896 936 955 969 est
982 930 1139 970 rectius.
1235 931 1305 971 C‘r.
1346 931 1437 973 Ita:
1466 945 1563 974 nam

251 994 358 1035 hune
379 995 486 1034 diem
1535 1003 1560 1041 5

90 1061 222 1103 Nimis
240 1064 382 1103 misere
403 1064 531 1117 cupio,
551 1069 597 1103 ut
616 1063 732 1117 coepi,
753 1069 991 1117 perpetuum
1010 1064 1052 1104 in
1072 1063 1212 1105 laetitia
1229 1065 1388 1119 degere.

89 1130 143 1169 Et
160 1130 260 1171 illud
278 1145 344 1171 rus
363 1130 474 1170 nulla
492 1131 570 1171 alia
588 1145 707 1172 causa
726 1138 808 1172 tam
828 1132 934 1172 male
954 1132 1031 1182 odi,
1052 1133 1129 1172 nisi
1150 1133 1244 1188 quia
1261 1147 1385 1189 prope

88 1198 183 1238 Est:
214 1198 320 1252 quod
340 1199 372 1238 si
392 1199 546 1238 abesset
563 1198 733 1252 longius,

89 1265 204 1305 Prius
222 1279 305 1306 nox
324 1267 582 1320 oppressisset
601 1266 695 1315 illic,
719 1280 839 1320 quam
858 1266 938 1306 huc
958 1268 1102 1307 reverti
1120 1274 1253 1322 posset
1271 1268 1428 1310 iterum.

88 1332 220 1382 Nunc,
240 1333 309 1372 ubi
328 1347 393 1373 me
413 1333 494 1373 illic
514 1347 595 1373 non
616 1333 777 1383 videbit,
794 1334 881 1387 jam
900 1333 979 1374 hue
999 1341 1186 1384 recurret,
1208 1341 1269 1376 sat
1288 1336 1394 1376 scio:
1509 1340 1559 1378 10

87 1401 261 1454 Rogabit
278 1415 355 1450 me,
377 1401 446 1441 ubi
464 1402 632 1441 fuerim:
665 1415 784 1455 quem
805 1415 880 1455 ego
899 1401 1017 1442 hodie
1038 1408 1119 1442 toto
1138 1416 1219 1442 non
1241 1403 1322 1444 vidi
1341 1404 1405 1444 die
1422 1419 1432 1444 ε

86 1468 194 1512 Quid
226 1457 355 1508 di'cam
371 1469 387 1508 2
485 1469 551 1508 SY.
601 1468 724 1507 Nilne
757 1468 799 1508 in
830 1474 1008 1509 mentem
1044 1469 1132 1509 est?
1229 1470 1298 1510 C‘r.
1349 1471 1559 1526 Nusquam

247 1536 475 1589 quicquam.
562 1536 629 1575 SY.
670 1536 801 1576 Tanto
820 1537 998 1591 nequior,

85 1602 230 1652 Cliens,
253 1603 416 1652 amicus,
436 1603 592 1656 hospes,
614 1603 785 1643 nemo’st
802 1604 945 1644 vobis?
1020 1605 1090 1645 Cr.
1122 1606 1224 1646 Sunt
1240 1620 1248 1646 :
1280 1605 1376 1661 quid
1393 1608 1560 1661 postea?

85 1671 151 1710 SY.
186 1671 309 1710 Hisce
330 1685 450 1724 opera
468 1677 513 1710 ut
532 1670 626 1710 data
645 1671 706 1711 sit.
785 1672 854 1711 Cr.
886 1673 987 1717 Quae
1007 1687 1089 1713 non
1108 1673 1202 1714 data
1221 1674 1300 1714 sit?
1328 1688 1409 1715 non
1428 1681 1559 1729 potest

245 1737 344 1778 fieri.
431 1739 498 1778 Sr.
540 1739 686 1778 Potest.

84 1806 153 1845 CT.
196 1805 377 1845 Interdiu
394 1819 402 1844 z
434 1806 503 1845 sed
523 1806 555 1845 si
573 1805 639 1845 hic
658 1813 861 1859 pernocte,
884 1821 1014 1848 causae
1034 1809 1131 1862 quid
1149 1809 1292 1858 dicam,
1316 1810 1446 1864 Syre?
1507 1812 1556 1850 15

85 1873 151 1911 SY.
193 1871 309 1912 Vah!
340 1885 460 1925 quam
489 1872 634 1912 vellem
664 1873 783 1913 etiam
818 1880 941 1914 noctu
969 1876 1108 1915 amicis
1141 1889 1304 1930 operam
1335 1890 1423 1917 mos
1456 1883 1558 1918 esset
1642 1863 1668 1931 γ’,

245 1939 341 1978 dari.

82 2006 191 2052 Quin
210 2012 255 2046 tu
274 2006 420 2046 otiosus
440 2020 481 2046 es
498 2020 507 2045 :
538 2020 614 2059 ego
631 2006 737 2046 illius
756 2021 915 2047 sensum
935 2008 1102 2062 pulchre
1121 2009 1257 2050 calleo.

84 2074 186 2113 Cum
200 2073 318 2113 fervit
331 2087 532 2122 maxume,
550 2079 633 2113 tam
648 2074 862 2127 placidum,
877 2089 997 2128 quam
1013 2076 1097 2116 ovis
1112 2082 1181 2126 est,
1197 2077 1332 2117 reddo.
1377 2078 1448 2118 Cr.
1465 2080 1556 2124 Quo

241 2140 362 2180 modo
376 2141 392 2179 ’.Ρ

85 2203 152 2246 Sr.
193 2206 412 2246 Laudarier
431 2211 470 2247 te
489 2207 602 2247 audit
618 2207 790 2248 libenter
806 2223 815 2247 :
845 2208 948 2249 facio
968 2214 1007 2249 te
1027 2210 1134 2264 apud
1153 2210 1266 2251 illum
1286 2211 1444 2252 Deum:

83 2274 262 2315 Virtutes
281 2288 410 2314 narro.
470 2275 539 2314 C'r.
563 2275 761 2315 Measne?
818 2276 883 2315 SY.
905 2277 1012 2317 Tuas
1030 2292 1039 2317 z
1069 2277 1223 2319 homini
1242 2278 1348 2319 illico
1366 2278 1556 2333 lacrymae

242 2342 402 2390 cadunt,
1501 2349 1556 2386 20

84 2408 207 2453 Quasi
242 2422 379 2462 puer0,
418 2409 566 2461 gaudio
583 2423 591 2447 :
636 2409 730 2448 hem
768 2409 840 2449 tibi
871 2416 1006 2450 autem
1023 2412 1032 2450 !
1119 2412 1189 2452 Cr.
1231 2413 1434 2458 Quidnam
1467 2414 1557 2453 est?

243 2476 311 2515 SY.
351 2475 489 2527 Lupus
508 2475 548 2514 in
570 2475 716 2516 fabula.

83 2543 152 2582 CT.
175 2542 376 2582 Paterne?
434 2544 500 2582 SY.
524 2543 565 2582 Is
583 2543 704 2597 ipsus.
763 2544 833 2583 CT.
862 2545 972 2598 Syre,
995 2547 1091 2599 quid
1109 2548 1297 2602 agimus?
1352 2549 1420 2590 Sr.
1442 2548 1554 2603 Fuge

241 2609 361 2648 modo
380 2609 497 2658 intro,
521 2623 594 2663 ego
614 2610 761 2650 videro.

81 2676 150 2715 Cr.
193 2676 233 2715 Si
253 2676 349 2733 quid
368 2676 535 2729 rogabit,
557 2690 754 2731 nusquam
775 2682 819 2730 tu
837 2692 902 2718 me
920 2693 928 2718 :
960 2680 1177 2721 audistin'?
1260 2681 1327 2721 Sr.
1359 2680 1490 2721 Potin’
1509 2687 1554 2721 ut

241 2743 398 2783 desinas
412 2744 428 2782 ’.Ρ
