1670 3080
101 139 164 186 30
726 155 943 186 ANDRIA.

550 294 726 335 ACTUS
756 295 807 334 V.
865 295 1046 334 SCENA
1077 295 1111 334 I.

637 399 851 437 CHREMES.
910 397 1027 436 Smo.

102 511 175 550 Cn.
218 511 319 550 Satis
333 511 430 564 jam,
453 510 546 550 satis
567 510 687 558 Simo,
710 514 887 562 spectata
906 521 1002 561 erga
1021 514 1061 548 te
1078 508 1257 549 amicitia
1273 507 1321 549 'st
1337 520 1456 550 mea:

102 579 203 618 Satis
221 578 359 632 pericli
378 578 509 630 incepi
528 578 635 617 adire
654 592 663 616 :
694 576 833 615 orandi
845 575 932 628 jam
952 575 1076 615 finem
1094 576 1196 617 face.

102 645 212 684 Dum
232 644 370 684 studeo
389 643 551 696 obsequi
570 643 651 691 tibi,
673 655 789 695 paene
809 640 913 680 illusi
933 641 1056 680 vitam
1075 640 1181 681 filiae.

103 711 159 750 Sx.
201 711 332 750 Immo
361 710 467 749 enim
496 723 604 748 nunc
637 722 729 747 eum
758 721 947 747 maxume
974 708 1044 747 abs
1076 713 1115 747 te
1147 707 1305 761 postulo
1336 712 1455 761 atque
1485 719 1566 758 oro,

265 776 444 825 Chreme,

102 843 159 883 Ut
175 844 413 884 beneficium
432 843 561 882 verbis
579 842 723 881 initum
742 841 907 891 dudum,
927 854 1035 881 nunc
1053 855 1096 881 re
1116 842 1359 895 comprobes.
1541 842 1567 880 5

105 910 179 949 Cn.
220 910 322 949 Vide
353 923 471 962 quam
504 908 663 961 iniquus
696 908 748 947 sis
780 919 864 961 prae
893 907 1021 947 studio
1038 921 1047 947 :
1078 907 1175 948 dum
1201 907 1245 947 id
1272 906 1432 957 efficias,
1463 906 1570 961 quod

266 977 387 1030 cupis,

105 1043 246 1096 Neque
265 1042 429 1082 modum
447 1041 716 1094 benignitatis,
737 1054 868 1095 neque
888 1041 984 1094 quid
1002 1055 1067 1082 me
1085 1055 1185 1091 ores,
1207 1041 1387 1096 cogitas:

105 1112 212 1151 Nam
232 1112 264 1151 si
284 1113 443 1165 cogites,
465 1112 643 1151 remittas
656 1112 743 1165 jam
761 1125 827 1152 me
846 1125 1010 1152 onerare
1029 1112 1196 1166 injuriis.

107 1178 161 1217 S1.
202 1178 383 1223 Quibus?
467 1177 541 1216 Cn.
579 1178 636 1218 At
654 1178 832 1231 rogitas?
858 1177 1066 1231 perpulisti
1082 1191 1161 1228 me,
1181 1183 1228 1218 ut
1244 1176 1399 1218 homini
1417 1176 1573 1220 adules-

267 1243 435 1291 centulo,

107 1311 157 1349 In
177 1310 253 1349 alio
274 1316 464 1363 occupato
483 1323 628 1359 amore,
649 1310 876 1351 abhorrenti
895 1310 945 1350 ab
964 1324 1006 1350 re
1026 1310 1177 1360 uxoria,
1522 1312 1574 1349 10

108 1375 249 1415 Filiam
270 1377 405 1416 darem
424 1377 466 1416 in
487 1377 733 1426 seditionem,
755 1383 874 1430 atque
892 1377 935 1417 in
954 1378 1126 1418 incertas
1143 1377 1327 1431 nuptias3

108 1443 204 1496 Ejus
222 1444 355 1483 labore
376 1450 494 1497 atque
515 1445 600 1497 ejus
619 1445 752 1484 dolore
771 1450 895 1498 gnato
912 1449 959 1484 ut
977 1444 1196 1484 medicarer
1214 1450 1309 1484 tuo:

109 1512 361 1565 Impetrasti:
392 1512 548 1566 incepi:
579 1512 675 1552 dum
694 1525 757 1551 res
776 1511 932 1551 tetulit:
962 1524 1071 1551 nunc
1089 1524 1172 1550 non
1189 1509 1293 1550 fert:
1322 1510 1439 1550 feras.
1666 1559 1670 1565 .

109 1579 226 1619 Illam
246 1579 340 1619 hinc
360 1580 488 1619 civem
509 1594 593 1620 esse
612 1580 736 1628 aiunt,
757 1593 857 1632 puer
876 1583 936 1618 est
953 1583 1071 1618 natus
1087 1593 1096 1617 ε
1127 1591 1200 1617 nos
1217 1577 1359 1618 missos
1376 1577 1479 1617 face.
1658 1577 1670 1633 3

110 1648 166 1686 Sx.
206 1648 282 1687 Per
301 1661 375 1701 ego
396 1654 434 1687 te
455 1649 564 1689 Deos
583 1663 663 1695 oro,
685 1655 731 1688 ut
748 1662 799 1688 ne
819 1647 897 1687 illis
916 1647 1097 1687 animum
1116 1645 1282 1686 inducas
1300 1645 1473 1694 credere,
1523 1646 1574 1684 15
1644 1635 1659 1646 ⁸

110 1715 263 1759 Quibus
281 1715 323 1754 id
340 1729 529 1756 maxume
546 1716 706 1765 utile’st‚
726 1715 841 1756 illum
861 1728 944 1755 esse
965 1727 1087 1767 quam
1105 1713 1375 1754 deterrimum.

109 1781 351 1834 Nuptiarum
370 1783 498 1834 gratia
515 1782 602 1822 haec
622 1787 715 1821 sunt
733 1782 826 1821 ficta
845 1786 963 1834 atque
982 1781 1142 1834 incepta
1159 1779 1305 1819 omnia.

109 1848 189 1887 Ubi
209 1862 256 1887 ea
275 1862 403 1897 causa,
425 1850 684 1901 quamobrem
702 1849 790 1889 haec
809 1849 973 1897 faciunt,
995 1848 1069 1888 erit
1087 1848 1247 1888 ademta
1263 1846 1339 1896 his,
1360 1842 1557 1886 desinent.

112 1914 187 1953 Cn.
209 1914 326 1954 Erras
344 1928 352 1952 :
375 1928 466 1954 cum
487 1915 602 1954 Davo
622 1920 780 1967 egomet
797 1914 879 1954 vidi
892 1907 1125 1967 jurgantem
1142 1912 1343 1954 ancillam.
1391 1912 1449 1952 St.
1470 1910 1574 1952 Scio.

112 1981 188 2020 Cn.
229 1981 335 2019 Vero
355 1980 489 2029 voltu;
520 1993 613 2020 cum
631 1981 687 2019 ibi
706 1994 771 2019 me
790 1979 926 2019 adesse
946 1986 1087 2019 neuter
1106 1985 1192 2019 tum
1210 1983 1484 2032 praesenserat.
1525 1979 1579 2016 20
1646 1974 1670 2033 j}

113 2048 169 2087 S1.
206 2047 332 2086 Credo
348 2061 357 2095 ;
389 2052 428 2086 et
445 2046 487 2086 id
505 2047 677 2086 facturas
699 2047 836 2086 Davos
855 2046 1006 2087 dudum
1025 2046 1212 2100 praedixit
1228 2045 1330 2086 mihi
1346 2059 1355 2085 ε
1651 2035 1670 2060 ’ἓ

113 2114 166 2153 Et
183 2113 317 2153 nescio
337 2113 432 2165 quid
451 2112 522 2152 tibi
541 2126 629 2153 sum
649 2112 792 2152 oblitus
811 2112 942 2162 hodie,
965 2126 1011 2152 ac
1030 2111 1149 2161 volui,
1171 2112 1314 2152 dicere.

553 2302 732 2343 ACTUS
763 2302 814 2341 V.
873 2301 1055 2341 SCENA
1086 2301 1145 2341 II.

431 2407 588 2446 DAvus.
647 2406 861 2445 CHREMES.
921 2405 1038 2444 Smo.
1097 2405 1267 2444 Dnouo.

120 2517 198 2556 DA·
238 2513 388 2552 Animo
415 2525 524 2551 nunc
551 2511 632 2550 iam
658 2502 782 2549 otioso
810 2522 895 2549 esse
923 2508 1088 2561 impero.
1174 2509 1250 2549 Cu.
1290 2508 1400 2550 Hem
1424 2509 1584 2552 Davom
1628 2511 1655 2615 ἐ

120 2642 178 2686 Si.
199 2579 564 2697 Untiilebegreditur?
620 2642 700 2683 DA.
722 2641 819 2681 Meo
832 2640 1016 2695 praesidio
1030 2645 1149 2693 atque
1163 2638 1341 2693 hospitis.
1398 2640 1458 2680 Sr.
1479 2639 1588 2684 Quid
1624 2611 1653 2711 f*-

282 2710 381 2750 illud
398 2709 494 2749 mali
514 2714 598 2748 est.
585 2710 602 2738 ‘²
1640 2740 1642 2742 .

123 2777 203 2817 DA.
244 2777 330 2829 Ego
350 2775 660 2816 commodiorem
684 2773 901 2822 hominem,
932 2773 1161 2822 adventum,
1188 2777 1358 2826 tempus,
1388 2784 1470 2812 non
1489 2770 1584 2812 vidi.
1616 2776 1643 2819 j*

287 2845 343 2884 Sr.
385 2843 531 2892 Scelus,
1616 2841 1641 2905 j,-

1620 2901 1635 2932 -71
