1670 3080
470 164 630 197 Acrns
666 163 734 194 1v.
804 161 969 194 SCENA
1003 161 1039 192 1.
1399 139 1492 191 169

29 251 362 307 Quandoquidem
380 250 492 291 illam
512 264 536 290 a
554 263 619 290 me
637 248 822 289 distrahit
838 247 1064 288 necessitas.

30 320 106 360 Pu.
143 319 232 359 Tibi
252 319 295 358 id
313 319 356 360 in
374 331 501 358 manu
520 322 591 366 est,
612 330 664 355 ne
683 315 766 355 fiat.
851 314 927 354 LA.
968 313 1010 353 Si
1029 325 1149 352 sanus
1167 311 1254 361 sies,

29 385 134 425 Jube
153 384 263 425 illam
282 385 422 424 redire.
508 383 581 423 ΡΑ,
622 382 716 422 Non
737 386 797 421 est
815 379 1035 428 consilium,
1056 384 1195 432 pater:

29 452 173 492 Matris
192 453 347 492 servibo
367 450 598 491 commodis.
684 448 760 488 LA.
801 449 891 493 Quo
911 446 1026 487 abis?
1052 459 1185 495 mane,
1442 444 1495 482 45

30 508 170 569 Mane,
188 521 377 574 inquam:
409 533 487 573 quo
507 519 621 558 abis?
704 518 781 557 Pu.
823 517 924 561 Quae
943 516 1032 556 haec
1053 520 1113 555 est
1130 512 1375 568 pertinacia!

30 586 105 627 LA.
146 586 296 636 Dixin’,
319 586 527 639 Phidippe‚
549 585 653 624 hanc
673 598 760 624 rem
779 597 885 636 aegre
906 583 1081 622 laturum
1101 595 1185 622 esse
1206 579 1329 620 eum?

30 653 301 698 Quamobrem
320 659 358 692 te
379 653 553 700 orabam,
575 651 700 690 filiam
718 656 764 690 ut
781 650 1016 689 remitteres

32 720 107 759 Pu.
147 720 241 760 Non
262 719 412 759 credidi
431 718 572 772 edepol
591 718 690 758 adeo
708 717 975 757 inhumanum
993 716 1077 756 fore
1094 732 1105 756 ε

32 787 136 828 Itan’
156 788 190 828 is
209 802 316 828 nunc
336 788 410 828 sibi
428 801 493 827 me
513 786 827 840 supplicaturum
845 786 988 840 putat?
1446 783 1499 820 50

32 855 74 894 Si
93 861 162 904 est,
183 861 229 896 ut
247 855 344 895 velit
362 855 578 895 redducere
598 868 787 902 uxorem;
818 853 911 892 licet
927 867 936 892 :

33 923 102 963 Sin
121 922 200 962 alio
219 928 278 962 est
297 922 431 962 animo
446 936 457 970 ;
488 925 717 960 renumeret
735 920 869 959 dotem
888 919 979 968 huc,
1001 923 1076 958 eat.

33 990 108 1030 LA.
147 990 252 1029 Ecce
273 995 419 1038 autem,
441 994 485 1028 tu
504 1001 661 1041 quoque
680 993 863 1040 proterve
882 985 1096 1026 iracundus
1116 998 1171 1026 es.

33 1057 110 1097 Pa.
132 1057 425 1096 Percontumax
442 1056 579 1096 redisti
596 1055 676 1095 huc
696 1055 821 1104 nobis,
844 1054 1066 1108 Pamphile.

35 1125 108 1164 LA.
148 1125 326 1164 Decedet
343 1125 403 1164 ira
420 1123 507 1163 haec
525 1138 534 1163 ε
566 1123 639 1163 etsi
657 1123 799 1163 merito
818 1123 940 1162 iratus
961 1127 1031 1162 est.
1451 1119 1503 1158 55

35 1192 111 1232 Pa.
151 1192 256 1237 Quia
273 1192 440 1245 paulum
458 1191 570 1231 vobis
590 1192 757 1231 accessit
774 1191 970 1245 pecuniae,

36 1259 189 1299 Sublati
207 1259 332 1299 animi
351 1265 454 1299 sunt.
540 1259 616 1299 LA.
656 1259 790 1299 Etiam
808 1272 967 1298 mecum
986 1257 1148 1311 litigas?

37 1326 114 1366 Pu.
154 1325 369 1375 Deliberet,
390 1326 670 1378 renuntietque
689 1326 808 1366 hodie
828 1325 940 1374 mihi,

38 1392 198 1433 Velitne
217 1407 269 1432 an
289 1407 371 1432 non
388 1407 397 1432 t
427 1398 473 1432 ut
491 1393 570 1441 alii,
591 1394 624 1433 si
641 1393 734 1433 huic
754 1407 836 1433 non
857 1399 927 1442 est,
948 1393 1034 1432 siet.

40 1460 115 1499 LA.
156 1459 364 1512 Phidippe,
386 1459 491 1508 ades,
514 1459 608 1498 audi
626 1459 789 1512 paucis:
820 1460 942 1499 abiit:
974 1460 1071 1512 quid
1088 1458 1209 1498 mea?
1454 1458 1508 1495 60

40 1527 246 1582 Postremo
265 1527 370 1565 inter
389 1540 429 1565 se
450 1527 672 1579 transigant
690 1526 777 1580 ipsi,
798 1532 844 1565 ut
861 1526 996 1565 lubet:

41 1593 213 1638 Quando
230 1607 306 1633 nec
325 1599 470 1646 gnatus
489 1607 619 1646 neque
638 1593 703 1633 hic
723 1594 780 1633 mi
800 1594 1013 1646 quicquam
1032 1594 1334 1646 obtemperant;

41 1661 142 1705 Quae
163 1660 251 1700 dico
271 1659 590 1713 parvipendunt:
619 1665 733 1713 porto
752 1659 828 1700 hoc
842 1660 1023 1713 jurgium

43 1726 110 1767 Ad
128 1739 306 1774 uxorem,
328 1727 440 1780 cujus
459 1726 546 1766 haec
567 1726 669 1766 fiunt
688 1727 852 1766 consilio
872 1728 1030 1767 omnia:

44 1794 179 1846 Atque
198 1793 240 1832 in
262 1806 352 1833 eam
371 1792 447 1833 hoc
468 1806 598 1842 omne,
621 1793 727 1846 quod
744 1793 844 1832 mihi
863 1793 1031 1846 aegre’st,
1054 1806 1248 1833 evomam.
1461 1792 1512 1829 65

449 1992 626 2033 ACTUS
676 1992 749 2032 IV.
844 1992 1023 2032 SCENA
1075 1992 1108 2031 Ι.

507 2093 759 2133 ΜΥιυιΗῙΝΑ.
809 2094 1053 2134 Pmnu’rus.

51 2197 137 2238 Mv.
170 2196 285 2246 Perii,
301 2196 398 2250 quid
412 2196 560 2252 agam?
579 2210 657 2249 quo
671 2210 736 2236 me
751 2201 906 2236 vortam
920 2197 936 2235 ’.θ
955 2196 1051 2249 quid
1066 2196 1151 2236 viro
1165 2208 1256 2235 meo
1270 2194 1519 2249 respondebo

52 2263 231 2304 Misera?
258 2276 353 2302 nam
373 2262 569 2303 audivisse
588 2275 730 2301 vocem
748 2262 864 2315 pueri
883 2262 1046 2301 visus’st
1065 2261 1260 2314 vagientis
1277 2280 1287 2299 z

54 2329 118 2369 Ita
135 2328 320 2381 corripuit
339 2327 552 2380 derepente
571 2327 713 2367 tacitus
732 2341 816 2367 sese
837 2327 888 2367 ad
906 2327 1031 2366 filiam
1047 2341 1056 2367 :

53 2394 170 2440 Quod
188 2394 221 2434 si
237 2393 424 2442 rescierit,
445 2393 644 2447 peperisse
665 2407 754 2432 eam
769 2408 779 2442 ;
811 2393 854 2432 id
874 2407 953 2447 qua
972 2407 1092 2434 causa
1111 2393 1214 2433 clam
1234 2407 1299 2433 me
1318 2392 1502 2434 habuisse

56 2460 209 2509 Dicam,
229 2473 312 2500 non
333 2459 474 2512 edepol
493 2459 585 2499 scio.
1423 2462 1426 2464 ’
1494 2461 1518 2498 5

57 2527 136 2568 Sed
153 2527 298 2566 ostium
317 2526 573 2579 concrepuit:
604 2526 733 2575 credo,
754 2527 885 2580 ipsum
906 2527 1013 2567 exire
1034 2527 1085 2566 ad
1103 2541 1168 2567 me
1186 2541 1195 2565 ε
1225 2527 1336 2567 nulla
1355 2540 1455 2567 sum.

57 2594 134 2634 Pu.
172 2594 295 2642 Uxor,
315 2593 384 2632 ubi
403 2606 468 2631 me
488 2592 540 2632 ad
557 2592 681 2632 filiam
700 2593 756 2632 ire
777 2593 909 2641 sensit,
931 2607 972 2632 se
993 2593 1131 2633 eduxit
1147 2593 1252 2633 foras
1269 2608 1278 2632 ε

61 2661 193 2713 Atque
237 2673 372 2699 eccam
409 2659 547 2698 video:
596 2659 692 2711 quid
737 2659 805 2708 ais,
856 2659 1095 2712 Myrrhina?
1139 2659 1238 2700 heus
1255 2660 1264 2698 !
1313 2660 1384 2700 tibi
1422 2660 1523 2699 dico.

149 2717 152 2720 ’
222 2726 311 2765 MY.
352 2725 520 2774 Mihine„
540 2726 597 2764 mi
616 2726 706 2765 vir?

64 2793 138 2832 Pa.
179 2792 252 2832 Vir
271 2806 345 2844 ego
365 2798 455 2832 tuus
474 2793 579 2831 sim?
615 2798 659 2832 tu
677 2792 807 2832 virum
826 2807 903 2841 me,
926 2799 995 2832 aut
1018 2793 1224 2834 hominem
1243 2794 1409 2847 deputas
1428 2793 1526 2834 adeo

224 2872 308 2898 esse
319 2859 336 2898 ’ἱ

787 2938 803 2963 1
