1670 3080
85 158 148 206 62
674 174 955 207 EUNUCHUS.

84 263 159 302 Pu.
202 262 358 316 Jupiter
393 262 564 315 magne!
614 263 650 302 Ο
687 262 899 302 scelestum
931 267 1048 314 atque
1086 260 1278 301 audacem
1309 259 1539 301 hominem!

111 320 122 325 “
245 330 316 369 ΡΥ.
358 330 431 368 vae
450 329 572 368 mihi!

83 398 216 437 Etiam
234 411 343 437 nunc
364 397 508 446 credes,
530 396 705 449 indignis
724 410 796 435 nos
816 409 900 434 esse
920 395 1050 434 irrisas
1069 394 1228 434 modis?

83 465 159 504 ΡΗ.
199 464 362 513 Mirum,
384 465 426 504 ni
445 470 488 503 tu
508 464 645 512 credis,
669 463 774 516 quod
793 463 868 502 iste
889 463 993 501 dicat
1010 477 1018 500 :
1049 462 1144 514 quid
1163 475 1281 514 agam
1299 461 1445 501 neseio.

83 531 208 579 Heus,
229 536 373 582 negato
392 543 525 569 rursus
543 545 551 569 :
581 543 794 582 possumne
812 528 929 568 hodie
950 542 1023 580 ego
1044 542 1093 567 ex
1113 534 1152 567 te
1172 527 1401 581 exsculpere

83 599 261 638 Verum?
288 598 472 637 vidistine
505 598 667 636 fratrem
701 595 938 634 Chaeream?
1021 595 1100 634 Do.
1141 595 1246 635 Non.
1332 595 1408 634 Pu.
1448 594 1541 634 Non

241 671 372 719 potest
1488 661 1540 702 45

83 732 175 771 Sine
194 731 299 773 malo
318 730 444 778 fateri,
467 729 582 769 video
598 743 607 768 ε
638 742 801 781 sequere
821 727 895 767 hac
913 741 922 767 :
951 727 1072 767 modo
1091 728 1169 767 ait:
1199 728 1319 768 modo
1338 733 1470 781 negat.

83 798 164 837 Ora
181 810 258 836 me.
290 797 386 847 .D0·
409 796 583 835 Obsecro
602 800 640 833 te
656 808 761 843 vero,
777 794 971 833 Phaedria.
1023 793 1097 834 PH.
1123 794 1141 833 I
1161 794 1294 834 intro?
1339 795 1419 835 Do.
1442 794 1540 834 Eoi!

243 864 306 902 ei!

82 930 157 968 ΡΗ.
198 930 290 969 Alio
309 934 424 983 pacto
442 929 607 968 honeste
628 928 824 981 quomodo
842 927 937 966 hinc
957 927 1168 967 abscedam
1187 928 1348 974 nescio,-

82 996 282 1035 Actum’st
300 995 493 1048 siquidem
510 1009 519 1034 t
549 1000 593 1034 tu
610 1009 675 1033 me
695 993 761 1034 hic
781 994 911 1041 etiam,
933 993 1090 1042 nebu10‚
1111 994 1395 1035 ludificabere?

84 1062 155 1101 ΡΥ.
179 1062 437 1101 Parmenonis
457 1067 539 1101 tam
558 1062 637 1101 scio
658 1075 741 1100 esse
759 1061 863 1100 hanc
883 1060 1081 1109 technam,
1097 1074 1217 1114 quam
1236 1074 1301 1100 me
1320 1061 1466 1100 vivere.
1488 1064 1541 1101 50

82 1128 206 1167 Doni.
247 1128 310 1168 Sic
344 1134 413 1168 est.
499 1129 570 1167 ΡΥ.
608 1128 818 1167 Inveniam
850 1127 917 1180 pol
943 1127 1072 1174 hodie,
1107 1141 1244 1180 parem
1277 1128 1345 1167 ubi
1371 1128 1540 1168 referam

242 1195 423 1247 gratiam.

82 1259 160 1299 Sed
178 1273 285 1298 nunc
306 1260 401 1312 quid
418 1259 645 1299 faciendum
665 1274 813 1308 censeS,
836 1260 1009 1300 Dorias?
1063 1261 1189 1300 Dom.
1229 1261 1292 1301 De
1311 1261 1408 1301 istac
1427 1275 1543 1315 rogas

83 1326 278 1378 Virgine?
334 1326 405 1365 ΡΥ.
446 1326 520 1375 Ita,
541 1331 675 1365 utrum
694 1332 911 1375 taceamne,
936 1340 987 1366 an
1007 1326 1248 1379 praedicem?
1314 1327 1445 1370 Dom.
1479 1327 1542 1368 Tu

242 1393 320 1446 pol,
341 1393 374 1433 si
393 1393 508 1446 sapis,

82 1459 199 1504 Quod
218 1459 302 1508 scis,
323 1460 462 1508 nescis,
484 1473 614 1513 neque
635 1460 683 1499 de
705 1459 911 1508 Eunucho,
932 1473 1063 1513 neque
1083 1459 1132 1500 de
1150 1460 1247 1500 vitio
1265 1460 1441 1514 virg-inis.

83 1525 172 1564 Hac
191 1538 233 1563 re
254 1531 294 1564 et
313 1530 351 1564 te
371 1525 480 1564 omni
499 1526 614 1564 turba
634 1520 801 1573 ex⁸⁷01ves‚
825 1531 865 1565 et
882 1525 940 1564 illi
958 1531 1117 1578 gratum
1135 1526 1287 1568 feceris.
1489 1531 1541 1568 55

83 1590 132 1629 Id
150 1590 268 1630 modo
288 1590 361 1639 dic,
383 1590 508 1630 abisse
528 1590 694 1630 Dorum.
752 1590 824 1631 ΡΥ.
847 1591 910 1630 Ita
927 1591 1084 1631 faciam.
1141 1591 1267 1632 Dour.
1290 1592 1368 1632 Sed
1385 1592 1542 1633 videon'

244 1656 442 1696 Chremen
456 1658 472 1696 ’.Ρ
1448 1660 1450 1662 ’

81 1723 201 1763 Thais
214 1723 300 1776 jam
320 1723 455 1763 aderit.
527 1724 600 1763 ΡΥ.
640 1724 746 1769 Quid
763 1724 845 1764 ita?
900 1725 1026 1764 Dom.
1066 1726 1181 1774 Quia,
1203 1739 1294 1766 cum
1312 1725 1406 1766 inde
1425 1726 1538 1776 abeo,

237 1789 323 1842 jam
344 1795 429 1830 tum
447 1789 651 1842 inceperat
1464 1799 1470 1805 '

82 1854 215 1893 Turba
233 1854 336 1893 inter
355 1868 432 1893 eos.
510 1855 581 1893 ΡΥ.
613 1855 741 1894 Aufer
760 1869 900 1895 aurum
919 1856 994 1896 hoc
1010 1871 1018 1895 :
1050 1870 1124 1910 ego
1136 1856 1252 1908 'scibo
1270 1870 1321 1897 ex
1339 1857 1427 1906 hoc,
1449 1857 1544 1910 quid

245 1920 329 1959 siet.

464 2126 641 2166 ACTUS
689 2127 764 2167 IV.
837 2128 1015 2167 SCENA
1059 2129 1108 2168 V.

572 2226 784 2265 CHREMES.
845 2227 1043 2267 PYTmAs.

85 2325 160 2363 Cn.
198 2322 337 2362 Attat!
368 2322 460 2361 data
477 2321 609 2361 hercle
629 2322 750 2361 verba
767 2321 866 2360 mihi
886 2329 978 2361 sunt
994 2337 1002 2362 :
1031 2323 1127 2363 vicit
1143 2324 1295 2375 vinum,
1315 2328 1422 2380 quod
1446 2328 1540 2369 bibi.

84 2390 146 2429 Ac
165 2389 261 2429 dum
280 2389 532 2435 accubabam,
554 2402 673 2441 quam
693 2388 855 2427 videbar
873 2389 972 2428 mihi
991 2404 1075 2429 esse
1093 2392 1257 2444 pulchre
1277 2394 1428 2435 sobrius
1444 2396 1454 2435 !

84 2456 299 2508 Postquam
315 2454 477 2502 surrexi,
492 2467 621 2506 neque
634 2467 717 2506 peS,
731 2467 860 2506 neque
875 2468 989 2494 mens
1005 2457 1098 2495 satis
1111 2471 1225 2497 suum
1241 2459 1417 2501 officium
1431 2462 1539 2502 facit,

85 2523 157 2562 ΡΥ.
198 2521 366 2561 Chreme
382 2521 392 2559 ἱ
478 2521 552 2559 Cn.
593 2520 690 2564 Quis
728 2522 815 2559 est?
857 2521 984 2570 ehem,
1026 2522 1188 2574 Pythias
1205 2538 1214 2563 :
1251 2525 1329 2565 vah
1345 2527 1356 2565 !
1393 2534 1541 2580 quanto

244 2601 351 2626 nunc
370 2587 574 2626 formosior

86 2654 231 2694 Videre
256 2653 368 2701 mihi,
397 2667 517 2707 quam
547 2654 721 2693 dudum!
807 2653 878 2692 ΡΥ.
921 2655 1034 2694 Certe
1062 2661 1106 2695 tu
1131 2657 1292 2710 quidem
1320 2659 1388 2712 pol
1415 2660 1541 2702 multo

244 2719 416 2759 hilarior.
1513 2730 1538 2766 5,

87 2788 161 2835 Cn.
183 2786 361 2826 Verbmn
379 2785 509 2825 hercle
529 2785 605 2825 hoc.
624 2798 760 2824 verum
783 2785 866 2834 erit,
891 2788 915 2808 ‘⁶
929 2786 1020 2826 Sine
1043 2787 1183 2828 Cerere
1203 2794 1242 2828 et
1261 2789 1405 2831 Libero
1422 2791 1543 2844 stiget

247 2852 424 2892 Venus.”

1658 1370 1670 1435 :az-‚u
1661 1304 1670 1362 mam„
1668 1282 1670 1286 .
1667 1256 1670 1260 .

1652 1926 1670 2132 7;2.⁴-·..-u33=53=1.o-‹=..*
1656 1866 1670 1915 *st-:r
1660 1802 1670 1861 ..ο-’,ψ
