1670 3080
92 201 187 247 156
717 218 942 250 HEcYRA.

91 307 267 356 Philotis,
289 307 394 347 salve
414 306 596 347 multum.
682 307 757 347 ΡΗ.
798 308 838 347 O
855 306 974 355 salve,
998 306 1208 347 Parmeno.

91 374 158 413 SY.
199 374 314 414 Salve
333 380 538 422 mecastor,
562 374 769 413 Parmeno.
856 373 928 412 ΡΑ.
969 373 1021 412 Et
1040 378 1083 412 tu
1102 372 1254 426 edepol,
1277 374 1388 427 Syra.

91 441 269 490 Philotis,
291 442 353 482 dic
373 443 440 491 mi,
461 442 530 481 ubi
549 447 587 480 te
608 440 809 480 oblectasti
829 439 1008 480 tamdiu?

90 508 166 548 PH.
206 508 376 548 Minime
396 508 582 561 equidem
602 521 665 547 me
685 506 889 555 oblectavi,
911 519 1000 558 quae
1021 519 1111 545 cum
1130 505 1256 546 milite
1503 508 1551 545 10

91 574 324 614 Corinthum
343 574 437 613 hinc
458 588 545 613 sum
563 574 740 627 profecta
757 572 1101 612 inhumani‘ssumo
1118 586 1127 611 ε

90 642 304 682 Biennium
323 642 379 682 ibi
401 646 638 695 perpetuum
657 641 802 680 misera
820 640 933 679 illum
951 639 1036 678 tuli.

89 708 162 747 ΡΑ.
202 708 356 761 Edepol
375 713 413 746 te
434 707 673 746 desiderium
693 705 946 746 Athenarum
965 705 1143 754 arbitror,

89 773 320 822 Philotium,
342 773 490 826 cepisse
513 786 631 825 saepe,
654 778 693 812 et
711 778 750 811 te
771 778 884 811 tuum

89 841 311 880 Consilium
332 840 598 880 contemsisse.
685 840 760 878 Pu.
800 839 893 878 Non
914 838 992 878 dici
1010 843 1151 891 potest,
1502 841 1550 878 15

88 908 219 952 Quam
240 908 386 961 cupida
405 921 513 946 eram
532 906 610 946 huc
630 906 832 954 redeundi,
854 906 1026 945 abeundi
1045 919 1070 944 a
1087 905 1224 952 milite,

89 974 251 1028 Vosque
270 974 334 1013 hic
355 973 530 1022 videndi,
551 973 715 1025 antiqua
732 978 777 1011 ut
795 971 1081 1012 consuetudine

86 1040 294 1093 Agitarem
313 1040 417 1079 inter
435 1054 504 1079 vos
522 1039 645 1079 libere
665 1038 893 1078 convivium
910 1053 921 1077 τ

86 1107 193 1146 Nam
211 1107 269 1146 illi
287 1107 396 1146 haud
414 1106 568 1155 licebat,
589 1106 667 1145 nisi
685 1105 883 1158 praefinito
901 1103 1022 1157 loqui,

86 1173 186 1217 Quae
207 1172 264 1212 illi
281 1173 495 1226 placerent.
547 1175 550 1179 '
586 1172 658 1211 ΡΑ.
699 1171 823 1210 Haud
842 1170 992 1224 opinor,
1015 1170 1222 1210 commode
1497 1173 1549 1210 26

85 1239 227 1279 Finem
246 1240 426 1279 statuisse
446 1239 614 1279 orationi
632 1238 811 1278 militem.

84 1307 160 1347 Pu.
202 1307 280 1346 Sed
299 1307 394 1360 quid
412 1307 487 1346 hoc
507 1306 642 1359 negoti
661 1306 745 1345 est?
773 1305 891 1344 modo
910 1311 1000 1357 quae
1020 1304 1197 1343 narravit
1214 1303 1314 1343 mihi

82 1374 164 1414 Hic
183 1374 289 1413 intus
309 1374 503 1413 Bacchis?
532 1373 637 1426 quod
656 1386 730 1425 ego
750 1385 956 1424 nunquam
975 1371 1125 1411 credidi

84 1441 196 1489 Fore,
218 1446 263 1480 ut
281 1440 348 1480 ille
367 1440 442 1480 hac
461 1441 553 1479 viva
571 1445 703 1493 posset
722 1439 900 1478 animum
919 1439 1120 1486 inducere,

82 1507 259 1546 Uxorem
278 1506 437 1546 habere.
525 1506 597 1545 ΡΑ.
647 1505 808 1544 Habere
828 1505 991 1544 autem?
1084 1503 1161 1544 PH.
1210 1503 1298 1544 Eho
1317 1510 1371 1554 tu,
1395 1517 1447 1544 an
1466 1516 1548 1544 non

243 1574 365 1613 habet
376 1574 392 1612 ’.θ
1494 1573 1544 1610 25

82 1640 154 1679 ΡΑ.
195 1639 331 1679 Habet
347 1653 355 1678 :
387 1638 456 1678 sed
475 1638 601 1677 firmae
620 1638 707 1678 haec
727 1651 866 1677 vereor
883 1642 929 1676 ut
947 1637 1027 1676 sint
1044 1637 1208 1691 nuptiae.

81 1705 144 1743 Pu
200 1705 263 1744 Ita
282 1705 336 1744 Di
356 1705 534 1758 Deaeque
553 1705 682 1744 faxint
698 1719 708 1745 ε
738 1705 771 1744 si
789 1705 831 1743 in
850 1718 935 1743 rem
955 1709 1014 1744 est
1034 1703 1255 1744 Bacchidis.

81 1771 158 1811 Sed
179 1773 246 1824 qui
265 1773 364 1811 istuc
385 1772 544 1811 credam
564 1773 619 1811 ita
639 1786 734 1821 esse,
756 1772 819 1811 dic
838 1771 949 1820 mihi,
971 1772 1181 1812 Parmeno.

80 1838 152 1876 ΡΑ.
192 1838 285 1877 Non
306 1844 365 1877 est
384 1852 481 1891 opus
501 1838 653 1891 prolato
671 1853 679 1877 :
710 1838 786 1877 hoc
804 1837 1072 1890 percontarier

79 1904 249 1943 Desiste.
336 1904 410 1943 ΡΗ.
452 1904 608 1956 Nempe
630 1917 677 1942 ea
695 1917 824 1951 causa,
845 1908 890 1942 ut
908 1916 959 1941 ne
978 1902 1021 1942 id
1038 1902 1110 1942 fiat
1125 1901 1273 1956 palam.
1491 1905 1548 1942 30

80 1970 143 2008 Ita
161 1983 226 2008 me
246 1969 300 2008 Di
320 1970 522 2017 amabunt,
543 1969 652 2007 haud
670 1974 880 2021 propterea
899 1974 936 2007 te
956 1982 1063 2020 rogo,

77 2037 135 2075 Ut
151 2036 227 2075 hoc
247 2036 456 2088 proferam,
479 2036 548 2075 sed
565 2041 611 2074 ut
629 2035 751 2073 tacita
769 2048 927 2074 mecum
946 2035 1156 2086 gaudeam.

78 2103 150 2142 ΡΑ.
190 2102 408 2154 Nunquam
428 2106 511 2140 tam
530 2100 637 2139 dices
656 2100 874 2147 commode,
895 2105 941 2138 ut
959 2104 1115 2151 tergum
1134 2112 1272 2138 meum

77 2169 207 2208 Tuam
225 2167 268 2206 in
286 2167 407 2206 fidem
429 2166 686 2205 committam.
772 2165 848 2204 Pu.
890 2164 983 2203 Ah!
1015 2164 1108 2213 noli,
1131 2165 1350 2204 Parmeno:

77 2236 200 2280 Quasi
220 2240 263 2274 tu
281 2248 363 2273 non
382 2233 508 2273 multo
522 2233 638 2271 malis
657 2246 817 2271 narrare
837 2231 913 2270 hoc
931 2231 1043 2279 mihi,
1489 2233 1539 2270 35

4 2329 7 2331 -
76 2302 206 2346 Quam
227 2314 313 2353 ego,
335 2313 424 2352 quae
444 2303 664 2352 percontor,
687 2298 797 2337 scire.
883 2297 955 2335 ΡΑ.
997 2297 1104 2335 Vera
1122 2296 1210 2336 haec
1229 2295 1446 2349 praedicat:

76 2368 128 2407 Et
146 2367 246 2406 illud
263 2366 363 2405 mihi
382 2365 574 2404 vitium’st
591 2377 826 2403 maxumum
843 2377 851 2401 :
883 2363 914 2401 si
933 2362 1031 2401 mihi
1051 2362 1172 2401 fidem
1182 2410 1213 2420 „-

76 2436 171 2483 Das,
193 2441 231 2473 te
251 2434 472 2481 tacituram,
494 2432 636 2471 dicam.
722 2431 799 2468 Pu.
839 2429 905 2468 Ad
923 2428 1131 2481 ingenium
1150 2428 1267 2468 redis.
1319 2474 1326 2484 -.

77 2501 216 2540 Fidem
236 2500 287 2539 do
304 2514 312 2538 :
342 2499 515 2551 loquere.
574 2497 646 2536 ΡΑ.
668 2495 874 2534 Ausculta.
933 2495 1009 2534 Pu.
1042 2494 1136 2534 Istic
1157 2506 1257 2534 sum.
1316 2495 1387 2534 ΡΑ.
1419 2494 1538 2535 Hanc

239 2566 479 2606 Bacchidem

76 2635 262 2682 Amabat,
283 2639 328 2672 ut
347 2647 438 2672 eum
457 2644 658 2679 maxume,
680 2635 766 2668 tum
785 2628 1030 2681 Pamphilus,
1485 2630 1538 2666 40

76 2703 176 2742 Cum
195 2708 317 2755 pater,
338 2714 505 2739 uxorem
523 2704 568 2737 ut
587 2699 716 2745 ducat,
739 2710 849 2735 orare
870 2696 1014 2748 occipit
1027 2710 1039 2734 .-

75 2770 128 2809 Et
144 2769 232 2808 haec
252 2767 480 2808 communia
498 2766 677 2805 omnium
698 2778 787 2817 quae
809 2769 900 2802 sunt
918 2769 1088 2816 patrum,

76 2838 220 2876 Senem
239 2849 323 2875 sese
345 2848 428 2874 esse
450 2834 590 2881 dicere,
611 2832 724 2873 illum
745 2837 879 2870 autem
900 2843 982 2869 esse
1001 2829 1166 2869 unicum
1183 2842 1193 2869 :

76 2901 309 2942 Praesidium
328 2900 429 2940 velle
450 2913 491 2939 se
511 2897 705 2938 senectuti
725 2910 819 2935 sune.
