1670 3080
499 156 658 188 ACTUS
685 155 731 187 v.
803 153 968 186 SCENA
1003 152 1072 185 1v.
1454 133 1516 179 33

51 245 125 284 Cn.
163 243 340 297 AEquum
367 242 566 297 postulat:
597 242 648 281 da
675 240 848 282 veniam.
933 238 1007 278 ΡΑ.
1048 236 1142 277 Sine
1170 241 1210 275 te
1238 235 1314 275 hoc
1343 248 1516 275 exorem.

211 311 267 350 Si.
309 311 416 350 Sino.
1467 305 1520 342 30

49 377 214 421 Quidvis
233 378 361 432 cupio,
382 377 480 418 dum
498 391 550 417 ne
569 377 619 416 ab
638 375 714 415 hoc
734 388 800 414 me
819 372 905 414 falli
924 371 1157 427 comperiar,
1179 370 1361 410 Chreme.
1579 361 1583 367 ⁴

49 446 124 486 Cn.
164 447 241 486 Pro
258 451 422 500 peccato
441 458 589 499 magno
607 442 774 498 paulum
794 441 962 496 supplici
981 440 1075 481 satis
1094 444 1154 480 est
1171 438 1286 492 patri.

479 647 658 688 ACTUS
689 647 740 687 V.
799 646 983 687 SCENA
1014 645 1088 685 IV.

328 749 472 789 Cmro.
532 748 747 788 CHREMES.
806 748 926 787 Smo.
985 747 1247 787 PAMPmLth.

48 851 120 890 Cn.
161 849 281 890 Mitte
301 863 437 890 orare:
466 863 548 889 una
565 848 710 889 harum
730 848 882 902 quaevis
902 848 1022 889 causa
1039 863 1106 889 me
1125 855 1170 889 ut
1187 849 1334 890 faciam
1352 854 1502 898 monet,

48 917 126 957 Vel
145 923 200 967 tu,
221 917 286 957 vel
306 917 414 971 quod
431 930 572 957 verum
592 922 662 966 est,
684 916 748 956 vel
768 917 876 970 quod
894 917 971 972 ipsi
990 917 1108 971 cupio
1130 917 1330 971 Glycerio·

47 985 122 1025 Cu.
162 984 364 1025 Andrium
382 998 458 1038 ego
479 984 682 1024 Critonem
702 983 847 1024 video?
875 989 981 1024 certe
1000 984 1034 1024 is
1054 990 1124 1024 est.
1197 984 1269 1024 CR.
1302 983 1439 1024 Salvos
1458 983 1521 1032 sis,

210 1052 393 1093 Chreme.

47 1120 122 1160 Cn.
162 1119 271 1166 Quid
298 1125 343 1160 tu
366 1118 550 1160 Athenas
577 1118 784 1159 insolens?
872 1119 945 1160 Cn.
995 1119 1166 1159 Evenit:
1206 1120 1276 1160 sed
1317 1118 1526 1160 hiccine’st

211 1188 350 1228 Shno?

48 1255 123 1295 Cn.
163 1254 256 1295 Hic.
342 1254 415 1294 CR.
455 1254 576 1303 Simo,
601 1254 710 1294 men’
731 1253 906 1307 quaeris?
990 1254 1047 1294 Sx.
1088 1252 1188 1302 Eho,
1220 1259 1264 1293 tu
1292 1252 1527 1306 Glycerium

210 1322 318 1372 hinc,
339 1322 470 1363 civem
490 1335 575 1362 esse
595 1322 683 1362 ais?
1501 1322 1525 1359 5

51 1388 123 1427 Cn.
158 1387 221 1428 Tu
238 1388 393 1441 negas?
463 1389 520 1428 S1.
557 1388 674 1429 Itane
692 1387 772 1428 huc
792 1393 954 1442 paratus
974 1387 1168 1428 advenis?
1243 1387 1315 1426 Cn.
1347 1387 1438 1432 Qua
1455 1386 1529 1424 re?

216 1454 273 1494 St.
313 1455 479 1508 Rogas?

52 1521 166 1560 Tune
185 1520 350 1574 impune
369 1520 458 1561 haec
476 1520 625 1561 facias?
653 1527 749 1561 tune
767 1520 834 1561 hic
853 1520 1038 1561 homines
1057 1520 1375 1561 adulescentulos

53 1587 265 1642 Imperitos
282 1601 429 1638 rerum,
451 1589 614 1628 eductos
632 1588 767 1637 libere,
788 1588 831 1627 in
850 1587 1033 1628 fraudem
1052 1587 1167 1627 illicis

53 1655 306 1705 Solicitando,
324 1661 364 1695 et
377 1655 635 1710 pollicitando
655 1669 793 1696 eorum
813 1655 968 1695 animos
986 1655 1141 1695 lactas?
1198 1655 1270 1695 Cn.
1294 1653 1446 1695 Sanun'
1460 1654 1532 1694 es?

54 1723 111 1762 Sr.
134 1723 197 1762 Ac
216 1723 461 1763 meretricios
480 1736 636 1762 amores
655 1723 805 1776 nuptiis
825 1722 1106 1776 conglutinas?
1480 1724 1533 1760 10

54 1788 128 1828 ΡΛ.
169 1788 300 1829 Perii:
330 1794 479 1838 metuo,
500 1794 546 1829 ut
563 1789 715 1829 substet
732 1788 889 1843 hospes.
967 1789 1042 1828 Cn.
1077 1788 1130 1838 Si,
1154 1788 1275 1837 Simo,
1295 1788 1404 1829 hunc
1423 1788 1532 1827 noris

219 1855 326 1904 satis,

54 1920 150 1960 Non
168 1921 225 1961 ita
243 1921 432 1961 arbitrere
449 1936 458 1960 ε
487 1922 617 1962 bonus
636 1927 696 1961 est
713 1920 781 1962 hic
799 1921 872 1961 vir.
960 1922 1017 1962 S1.
1058 1922 1139 1962 Hic
1159 1922 1221 1961 vir
1239 1921 1290 1961 sit
1306 1922 1466 1962 bonus?

56 1988 172 2028 Itane
191 1993 453 2041 attemperate
473 1987 619 2036 evenit,
640 1987 759 2028 hodie
778 1988 821 2028 in
840 1987 936 2042 ipsis
955 1988 1106 2042 nuptiis

54 2055 112 2095 Ut
129 2055 293 2104 veniret,
310 2054 481 2095 antehac
495 2055 736 2107 nunquam?
754 2059 815 2094 est
832 2068 927 2094 vero
946 2054 1040 2096 huic
1059 2054 1317 2103 credendum,
1335 2054 1535 2094 Chreme?

56 2121 129 2162 ΡΑ.
168 2120 224 2161 Νἰ
249 2126 426 2161 metuam
452 2126 620 2174 patrem,
650 2119 780 2160 habeo
807 2134 879 2175 pro
907 2120 977 2162 illa
1000 2134 1056 2170 re,
1086 2121 1200 2161 illum
1220 2121 1327 2174 quod
1346 2134 1535 2160 moneam

218 2188 354 2242 probe.
1484 2189 1534 2226 15

58 2255 114 2294 81.
155 2253 421 2309 Sycophanta.
508 2253 581 2293 Cn.
622 2252 733 2293 Hem
750 2253 760 2292 !
847 2253 924 2294 Cn.
965 2254 1041 2303 Sic,
1065 2253 1184 2303 Crito,
1207 2259 1269 2294 est
1286 2253 1351 2294 hic
1368 2268 1377 2293 :
1407 2254 1534 2294 mitte.

219 2322 292 2362 Cn.
332 2321 491 2370 Videat,
513 2320 582 2374 qui
602 2320 688 2360 siet.

59 2388 101 2429 Si
117 2387 219 2428 mihi
235 2393 377 2442 perget
395 2400 485 2440 quae
505 2386 589 2427 volt
608 2387 752 2437 dicere,
774 2400 832 2436 ea,
856 2400 946 2440 quae
965 2393 1048 2427 non
1068 2387 1162 2436 volt,
1184 2387 1333 2427 audiet.

59 2457 146 2510 Ego
170 2456 280 2496 istaec
310 2469 465 2505 move0‚
495 2461 565 2496 aut
590 2456 714 2496 curo?
741 2469 823 2495 non
858 2462 904 2496 tu
932 2462 1047 2496 tuum
1072 2456 1226 2496 malum
1255 2469 1372 2510 aequo
1402 2455 1538 2496 animo

219 2523 325 2563 feres
337 2522 356 2562 2

59 2589 180 2639 Nam,
201 2603 275 2644 ego
294 2603 385 2643 quae
405 2589 509 2638 dico,
530 2602 626 2629 vera
646 2602 698 2629 an
717 2589 818 2629 falsa
837 2588 1044 2638 audierim,
1060 2589 1148 2642 jam
1168 2588 1259 2628 sciri
1277 2594 1420 2642 potest.

61 2657 218 2698 Atticus
237 2657 399 2710 quidam
419 2657 526 2706 olim,
547 2656 642 2696 navi
660 2657 798 2706 fracta,
820 2656 872 2696 ad
891 2655 1078 2696 Andrum
1100 2655 1250 2709 ejectus
1270 2661 1341 2704 est,
1487 2657 1540 2693 20

63 2723 117 2763 Et
132 2723 242 2764 istaec
261 2737 344 2763 una
362 2737 487 2777 parva
505 2723 618 2776 virgo
636 2737 644 2762 :
675 2729 761 2762 tum
780 2722 847 2763 ille
867 2736 990 2776 egens
1008 2723 1110 2762 forte
1130 2721 1306 2776 applicat

63 2790 242 2830 Primum
289 2790 342 2830 ad
388 2789 591 2844 Chrysidis
636 2795 793 2843 patrem
840 2803 894 2830 se.
990 2790 1046 2830 S1.
1102 2789 1296 2830 Fabulam
1342 2788 1532 2840 inceptat.

0 2870 1 2884 ³
225 2855 302 2896 Cn.
342 2855 449 2896 Sine.

763 2923 829 2960 03
