1670 3080
105 143 198 189 140
699 159 939 190 ADELPHI.

102 245 209 290 Quid
227 244 451 298 lacrymas?
518 246 604 285 AES.
646 246 774 295 Pater,
797 247 968 295 obsecro,
991 245 1180 286 ausculta.
1247 244 1324 286 Mt.
1364 247 1565 296 AEschin‘e,

266 311 399 350 audivi
419 311 567 360 omnia,
1513 315 1565 353 45

102 377 154 417 Et
172 378 276 417 scio:
307 392 401 418 nam
422 384 460 418 te
480 393 570 418 amo
587 392 597 417 ε
627 393 704 432 quo
723 379 862 432 magis,
884 393 973 432 quae
994 379 1090 431 agis,
1112 392 1217 419 curae
1236 384 1329 419 sunt
1346 378 1458 420 mihi.

100 444 186 484 AES.
227 445 291 485 Ita
309 445 429 485 velim
448 460 512 486 me
531 452 825 500 promerentem
845 461 965 493 ames,
988 447 1083 485 dum
1105 446 1225 495 vivas,
1246 446 1304 486 mi
1322 452 1448 500 pater,

100 510 157 550 Ut
174 525 238 551 me
257 512 333 552 hoc
353 512 543 552 delictum
563 514 767 553 admisisse
785 514 828 552 in
847 527 923 562 me,
946 513 987 552 id
1007 513 1107 552 mihi
1125 513 1382 553 vehementer
1400 513 1534 554 dolet:

100 578 154 617 Et
171 593 236 618 me
256 579 313 619 tui
331 580 465 632 pudet.
551 581 628 620 M1.
669 581 796 620 Credo
809 580 942 620 hercle
958 595 966 620 :
997 595 1091 620 nam
1111 580 1319 633 ingenium
1338 580 1434 621 novi
1451 586 1566 621 tuum

103 643 285 684 Liberale
305 659 314 684 :
345 646 415 684 sed
433 659 583 694 vereor,
604 659 655 685 ne
676 646 888 699 indiligens
907 646 1077 685 nimium
1097 646 1186 686 sies.
1512 649 1567 686 50

102 710 151 749 In
172 724 251 764 qua
270 711 429 750 civitate
449 712 612 751 tandem
632 718 670 751 te
690 712 879 752 arbitrare
898 712 1062 752 vivere?

101 777 311 831 Virginem
330 779 487 827 vitiasti,
510 793 630 831 quam
649 785 688 818 te
707 793 788 818 non
803 780 869 832 jus
888 780 1017 818 fuerat
1036 784 1212 831 tangere.

101 843 125 881 J
129 857 194 882 am
207 850 416 897 peccatum
430 844 605 897 primum
624 844 666 883 id
679 858 885 897 magnum,
902 858 1108 896 magnum,
1126 850 1168 884 at
1180 844 1405 884 humanum
1416 848 1564 884 tamen.

101 909 247 949 Fecere
267 909 335 949 alii
353 924 471 963 saepe,
492 910 588 950 item
606 910 702 949 boni
719 924 728 949 :
759 916 801 949 at
818 915 1028 963 postquam
1048 909 1089 949 id
1108 909 1253 958 evenit,
1275 909 1387 958 cedo,

100 976 310 1029 Numquid
328 977 635 1031 circumspexti?
663 982 732 1016 aut
748 976 945 1028 numquid
964 981 1047 1015 tute
1067 975 1270 1029 prospexti
1289 975 1372 1024 tibi,
1511 977 1563 1015 55

100 1044 208 1089 Quid
226 1044 365 1084 fieret?
393 1058 471 1098 qua
491 1044 633 1083 fieret?
660 1043 694 1083 si
713 1049 751 1082 te
771 1043 827 1082 mi
845 1043 977 1096 ipsum
997 1042 1140 1095 puduit
1158 1042 1302 1091 dicere,

101 1110 191 1154 Qua
209 1110 490 1150 resciscerem?
517 1109 604 1149 haec
624 1108 720 1148 dum
739 1109 906 1157 dubitas,
928 1122 1085 1148 menses
1104 1108 1288 1147 abierunt
1306 1108 1457 1147 decem.

101 1175 313 1216 Prodidisti
335 1181 376 1215 et
402 1181 453 1225 te,
482 1181 522 1215 et
541 1175 652 1215 illam
670 1174 870 1222 miseram,
892 1180 932 1214 et
955 1179 1136 1227 gnatum,
1159 1174 1266 1227 quod
1284 1173 1446 1227 quidem
1465 1173 1508 1212 in
1527 1178 1566 1212 te

261 1242 349 1282 fuit.

101 1308 209 1354 Quid
228 1309 443 1348 credebas?
472 1307 683 1348 dormienti
701 1306 789 1347 haec
810 1307 881 1346 tibi
901 1306 1149 1346 confecturos
1169 1306 1307 1346 Deos?

100 1374 154 1414 Et
172 1373 283 1413 illam
302 1374 387 1413 sine
406 1379 475 1412 tua
494 1386 615 1426 opera
633 1373 675 1412 in
695 1372 923 1412 cubiculum
942 1372 992 1410 iri
1010 1371 1228 1412 deductum
1246 1371 1441 1411 domum?
1514 1373 1568 1410 60

100 1439 238 1479 Nolim
258 1445 479 1478 ceterarum
498 1452 631 1478 rerum
651 1443 689 1477 te
709 1438 914 1477 socordem
934 1437 1073 1477 eodem
1091 1437 1223 1477 modo.

100 1506 215 1545 Bono
234 1505 368 1544 animo
390 1518 444 1553 eS,
467 1504 586 1544 duces
605 1517 784 1543 uxorem.
849 1503 937 1543 AEs.
978 1503 1112 1543 Hem!
1184 1503 1262 1543 M1.
1302 1503 1416 1543 Bono
1434 1501 1568 1543 animo

262 1585 315 1620 es,
336 1571 514 1624 inquam.
599 1570 685 1608 AEs.
726 1569 856 1618 Pater,

101 1638 288 1686 Obsecro,
317 1650 415 1676 num
441 1636 544 1675 ludis
571 1642 614 1675 tu
639 1649 747 1675 nunc
777 1635 872 1674 me?
955 1634 1033 1674 M1.
1073 1635 1160 1687 Ego
1178 1634 1247 1674 te?
1275 1633 1569 1688 quamobrem?
1644 1663 1651 1690 5

264 1703 351 1743 AES.
391 1703 538 1742 Nescio
554 1716 563 1741 :

98 1769 189 1812 Nisi
208 1774 290 1809 tam
309 1768 451 1808 misere
470 1768 546 1807 hoc
567 1781 652 1807 esse
671 1767 789 1821 cupio
808 1780 959 1816 verum,
982 1781 1029 1806 eo
1048 1779 1187 1807 vereor
1205 1766 1345 1820 magis·

100 1835 176 1875 M1.
198 1835 279 1874 Abi
294 1835 469 1882 domum,
484 1847 530 1873 ac
546 1834 654 1873 Deos
670 1846 935 1886 comprecare,
951 1839 997 1872 ut
1009 1847 1174 1873 uxorem
1190 1846 1365 1873 arcessas
1381 1846 1391 1872 ε
1412 1831 1491 1872 abi.
1512 1833 1565 1871 65
1640 1826 1651 1867 s

98 1901 183 1940 AES.
224 1899 342 1948 Quid,
358 1899 445 1953 jam
462 1899 659 1938 uxorem?
732 1898 810 1937 M1.
850 1899 876 1938 J
879 1912 956 1938 am.
1032 1899 1118 1938 AEs,
1158 1899 1284 1938 Jam?
1363 1897 1442 1938 Mx-
1474 1897 1567 1938 Jam

260 1970 454 2018 quantum
474 1969 615 2016 potest.
700 1963 786 2002 AEs.
823 1963 879 2002 Di
896 1975 974 2010 me,
995 1968 1118 2015 pater,

100 2033 252 2072 Omnes
271 2030 437 2079 oderint,
459 2029 502 2068 ni
520 2029 647 2081 magis
666 2033 717 2076 te,
740 2041 860 2080 quam
880 2027 1014 2067 oculos
1033 2041 1140 2067 nunc
1160 2041 1237 2080 ego
1255 2041 1347 2067 amo
1366 2040 1489 2066 meos.

100 2097 177 2136 M1.
226 2095 362 2141 Quid?
405 2108 525 2147 quam
562 2093 705 2132 illam?
796 2092 883 2131 AES.
933 2092 1076 2144 AEque.
1172 2092 1250 2132 M1.
1299 2091 1564 2144 Perbenigne.
1639 2140 1643 2147 s

262 2161 349 2200 AES.
389 2159 526 2203 Quid?
553 2158 620 2198 ille
638 2158 707 2198 ubi
726 2163 786 2196 est
805 2157 1016 2196 Milesius?
1632 2200 1634 2202 ,

101 2228 180 2267 Μι.
221 2225 345 2274 Abiit,
366 2224 494 2278 periit,
516 2237 661 2264 navem
689 2222 890 2272 ascendit;
922 2223 990 2262 sed
1018 2236 1089 2262 cur
1106 2223 1264 2262 cessas?
1346 2223 1433 2263 AEs.
1473 2223 1566 2272 Abi,
1633 2234 1642 2272 jv

290 2298 398 2332 ater:

100 2363 165 2402 Tu
182 2307 290 2401 Deols
308 2359 438 2413 potius
457 2371 709 2411 comprecare
726 2371 735 2396 :
766 2370 860 2396 nam
881 2355 952 2395 tibi
971 2369 1038 2395 eos
1057 2361 1167 2395 certo
1186 2355 1278 2405 scio,
1518 2357 1568 2397 70
1630 2366 1631 2369 ’

101 2431 191 2474 Quo
210 2427 270 2467 vir
287 2426 427 2466 melior
446 2424 572 2464 multo
591 2437 644 2473 es,
666 2437 786 2476 quam
807 2436 891 2475 eg0,
914 2422 1252 2476 obtemperaturos
1269 2423 1408 2476 magis.

101 2496 179 2535 M1.
211 2495 298 2546 Ego
317 2506 364 2532 eo
383 2492 509 2531 intro:
539 2496 595 2540 ut,
618 2503 707 2543 quae
727 2503 825 2543 opus
845 2495 949 2539 sunt,
970 2496 1186 2543 parentum
1212 2497 1255 2530 tu
1274 2491 1337 2530 fac
1355 2495 1400 2530 ut
1418 2490 1513 2539 dixi,
1535 2491 1583 2530 si·
1651 2510 1663 2534 ³,

266 2574 311 2600 sa
338 2573 383 2598 1s.
1648 2595 1655 2606 θ

102 2630 188 2670 AEs.
216 2574 416 2672 Quidphoc
435 2633 494 2665 est
512 2623 670 2677 negoti?
687 2622 763 2662 hoc
785 2628 855 2671 est,
876 2629 1029 2675 patrem
1051 2636 1147 2663 esse.
1169 2628 1239 2662 aut
1254 2622 1330 2662 hoc-
1350 2629 1420 2673 est,
1440 2621 1566 2663 filium

263 2696 376 2734 esse?
1622 2681 1625 2693 ι
1650 2676 1664 2694 ,-

104 2764 146 2804 Si
162 2763 284 2805 stater
302 2767 370 2801 ant
389 2760 531 2801 sodalis
551 2764 662 2806 esset,
688 2758 756 2810 qui
775 2757 903 2810 magis
922 2770 1076 2796 morem
1095 2756 1278 2808 gereret?

103 2830 185 2871 Hic
204 2842 285 2869 non
304 2827 524 2868 amandus?
551 2825 706 2865 hiccine
726 2838 806 2864 non
825 2824 1040 2877 gestandus
1059 2823 1101 2862 in
1123 2822 1213 2862 sinu
1232 2823 1320 2862 est?
1347 2823 1439 2863 hem
1455 2839 1464 2873 ς
1516 2825 1564 2865 75
