1670 3080
103 138 167 184 52
702 157 986 191 EUNUCHUS.

102 240 297 290 Profecto,
318 246 363 280 ut
380 247 494 294 grata
512 241 612 282 mihi
631 242 711 282 sint
729 257 819 296 quae
838 245 942 284 facio
961 245 1107 285 omnia.

103 308 185 347 GN.
225 307 395 347 Advorti
414 307 546 347 hercle
566 309 757 348 animum.
843 311 921 350 ΤΗ.
962 311 1039 351 Vel
1057 325 1129 351 rex
1147 324 1306 365 semper
1322 325 1533 352 maxumas

103 374 209 414 Mihi
229 375 373 428 agebat
392 375 579 429 quicquid
597 376 771 416 feceram
787 392 797 427 3
829 377 915 417 aliis
934 392 1015 418 non
1035 379 1144 418 item.

104 443 185 483 GN.
223 442 376 481 Labore
396 442 525 482 alieno
544 457 733 496 magnam
752 450 909 498 partam
928 445 1097 498 gloriam

103 510 247 550 Verbis
267 524 372 564 saepe
392 511 434 550 in
454 525 494 550 se
515 516 769 561 transmovet,
793 512 861 565 qui
879 512 1002 551 habet
1020 512 1154 562 salem,
1522 515 1574 553 10

103 578 222 623 Quod
249 578 291 617 in
317 584 355 617 te
388 584 456 617 est.
543 579 620 617 ΤΗ.
662 578 812 618 Habes.
900 579 980 619 GN.
1020 580 1112 620 Rex
1137 586 1175 620 te
1205 594 1300 634 ergo
1327 581 1371 621 in
1396 580 1576 622 oculis—-

266 646 344 685 ΤΗ.
386 645 554 685 Scilicet.

104 715 185 755 GN.
227 716 405 754 Gestare.
491 714 569 753 ΤΗ.
606 714 758 753 Verum
775 729 784 753 ε
815 715 975 755 credere
996 729 1158 755 omnem
1178 716 1410 765 exercitum,

103 781 288 821 Consilia.
376 782 456 820 GN.
497 780 662 819 Mirum.
748 781 826 820 ΤΗ.
866 781 971 820 Tum
991 782 1116 821 sicubi
1135 796 1227 822 eum
1247 782 1407 822 satietas

103 849 341 897 Hominum,
364 855 432 888 aut
451 848 586 901 negoti
607 849 639 887 si
660 848 819 902 quando
839 849 975 888 odium
995 855 1165 903 ceperat,
1506 889 1512 894 ,

102 916 370 969 Requiescere
390 915 459 954 ubi
478 915 647 964 volebat,
672 916 806 969 quasi:
839 916 1012 956 nostin'?
1069 918 1149 957 GN.
1191 917 1293 957 Scio.
1524 920 1575 962 15

104 983 228 1027 Quasi
246 983 316 1022 ubi
335 982 445 1021 illam
467 988 679 1036 exspueret
697 983 899 1022 miseriam
920 998 972 1023 ex
990 984 1136 1024 animo.
1223 985 1301 1024 ΤΗ.
1342 984 1484 1024 Tenes.

103 1050 207 1090 Tum
227 1065 292 1090 me
313 1051 524 1090 convivam
544 1050 672 1090 solum
692 1050 915 1091 abducebat
933 1051 1018 1091 sibi.
1106 1053 1187 1092 GN.
1229 1051 1314 1091 Hui
1330 1052 1339 1091 !

104 1119 259 1171 Regem
280 1118 504 1171 elegantem
524 1132 673 1158 narras.
759 1119 838 1158 ΤΗ.
879 1119 1011 1159 Immo
1031 1119 1062 1159 si
1105 1119 1303 1159 homo’st:

103 1185 400 1239 Perpaucorum
419 1185 692 1225 hominum’st.
779 1186 860 1225 GN.
902 1186 1035 1225 Immo
1054 1186 1266 1235 nullorum,
1288 1186 1468 1236 arbitror,

105 1254 147 1293 Si
167 1259 299 1293 tecum
320 1249 429 1293 vivit.
515 1254 594 1293 ΤΗ.
636 1253 821 1293 Invidere
843 1267 980 1293 omnes
1000 1253 1111 1302 mihi,
1524 1256 1577 1294 20

106 1321 292 1361 Mordere
314 1321 541 1362 clanculum
559 1335 567 1360 :
600 1335 674 1374 ego
694 1335 776 1360 non
795 1321 910 1360 flocci
928 1334 1008 1374 pen
1061 1334 1103 1360 re
1121 1335 1130 1360 ε
1659 1304 1670 1381 ξ

106 1387 173 1427 11Ιί
191 1388 369 1427 invidere
390 1388 533 1427 misere
550 1402 557 1427 :
589 1402 729 1427 verum
748 1402 853 1427 unus
873 1394 1008 1427 tamen
1658 1381 1670 1450 ξ

106 1455 306 1510 Impense,
330 1455 551 1508 elephantis
572 1469 692 1509 quem
713 1455 863 1495 Indicis
882 1456 1143 1509 praefecerat:
1656 1449 1670 1510 ξ

107 1523 148 1562 Is
168 1523 237 1562 ubi
255 1523 445 1562 molestus
465 1523 593 1576 magis
613 1529 682 1572 est,
706 1537 852 1576 quaeso,
874 1523 1050 1576 inquam,
1074 1524 1216 1571 Strato,
1656 1519 1670 1564 ἷῖ

106 1590 218 1629 Eone
240 1603 280 1629 es
299 1590 423 1639 ferox,
446 1590 540 1643 quia
558 1589 681 1629 habes
699 1590 914 1643 imperium
932 1590 976 1629 in
993 1589 1175 1629 belluas?
1529 1593 1579 1630 25
1655 1573 1670 1643 {5¹

107 1657 189 1697 GN.
231 1656 401 1696 Pulchre
421 1656 622 1695 mehercle
643 1656 795 1695 dictum
816 1662 856 1696 et
874 1656 1075 1710 sapienter
1092 1671 1100 1696 :
1131 1670 1247 1710 papae
1264 1657 1273 1696 !
1654 1686 1668 1713 s

107 1726 133 1765 J
136 1726 321 1779 ugularas
341 1726 547 1765 hominem
565 1740 573 1765 :
605 1725 701 1779 quid
720 1725 785 1765 ille
801 1726 816 1764 ἱ)
899 1725 977 1765 ΤΗ.
1018 1725 1158 1764 Mutus
1178 1725 1295 1765 illico.
1651 1714 1670 1774 ξ

109 1793 190 1832 GN.
227 1793 377 1837 Quidni
397 1793 529 1832 esset?
599 1793 672 1832 ΡΑ.
714 1793 769 1831 Di
788 1797 962 1831 vostram
982 1791 1125 1831 fidem!
1156 1791 1363 1831 hominem
1381 1791 1582 1846 perditum
1655 1785 1670 1840 ἐ

109 1859 408 1912 Miserumque:
440 1864 479 1897 et
498 1859 612 1898 illum
633 1859 883 1911 sacrilegum.
942 1858 1020 1898 ΤΗ.
1057 1858 1164 1902 Quid
1182 1857 1292 1907 illud,
1316 1857 1490 1908 Gnatho,
1656 1845 1670 1878 Ῐ

109 1926 200 1969 Quo
219 1931 335 1978 pacto
357 1924 560 1964 Rhodium
581 1925 780 1978 tetigerim
799 1925 842 1963 in
863 1925 1058 1974 convivio,
1529 1927 1584 1966 30
1648 1903 1670 1994 ἒ

109 1991 331 2044 Nunquam
350 1991 422 2031 tibi
440 1991 555 2034 dixi?
640 1993 721 2031 GN,
755 1991 975 2044 Nunquam
992 2005 1000 2030 ε
1031 1991 1101 2030 sed
1120 2004 1238 2031 narra
1257 1991 1431 2032 obsecro.
1643 1982 1670 2072 ἒ

110 2058 206 2098 Plus
225 2058 354 2097 milies
367 2058 454 2111 jam
474 2058 620 2097 audivi.
706 2058 783 2096 ΤΗ.
819 2058 912 2096 Una
931 2058 973 2096 in
994 2058 1184 2097 convivio
1644 2071 1670 2125 ἓ]

111 2125 208 2170 Erat
225 2124 303 2173 hic,
326 2138 446 2178 quem
466 2124 565 2174 dico,
589 2123 768 2165 Rhodius
789 2123 1110 2165 adulescentulus
1127 2138 1135 2162 :
1646 2126 1666 2175 ‘J

112 2192 230 2231 Forte
250 2191 373 2230 habui
394 2197 569 2230 scortum
590 2205 598 2229 :
630 2191 752 2244 coepit
772 2191 823 2229 ad
842 2190 883 2229 id
904 2190 1091 2240 alludere,
1648 2232 1653 2244 s

113 2259 167 2298 Et
185 2273 250 2298 me
270 2258 445 2298 irridere.
505 2257 613 2302 Quid
632 2258 728 2310 agis,
749 2257 904 2296 homini
923 2257 1100 2310 inquam,
1122 2257 1362 2311 impudens?
1532 2261 1584 2300 35

113 2328 248 2380 Lepus
267 2332 362 2375 tute,
384 2326 690 2380 pulpamentum
710 2314 880 2378 quaeris?
938 2326 1019 2365 GN,
1060 2325 1129 2364 Ha
1147 2325 1201 2365 ha
1218 2325 1296 2366 hae.

113 2395 191 2434 ΤΗ.
228 2393 336 2439 Quid
356 2394 444 2432 est?
501 2394 582 2436 GN,
624 2392 780 2441 Facete,
802 2392 944 2446 lepide,
965 2393 1083 2442 laute,
1106 2393 1163 2432 nil
1182 2407 1312 2447 supra.

114 2463 248 2502 Tuum
268 2462 431 2501 obsecro
451 2474 502 2499 ne
522 2460 597 2499 hoc
619 2459 770 2498 dictum
792 2460 905 2498 erat?
934 2466 1046 2499 vetus
1066 2460 1228 2500 credidi.
1279 2448 1281 2451 Α
1634 2499 1657 2521 ,ἡ

115 2530 193 2573 ΤΗ.
217 2528 440 2568 Audieras?
516 2528 597 2567 GN.
634 2528 770 2578 Saepe:
802 2531 842 2564 et
860 2526 984 2565 fertur
1002 2527 1044 2565 in
1062 2526 1214 2580 primis.
1273 2527 1350 2567 ΤΗ.
1383 2526 1588 2567 Meum’st.
1633 2528 1658 2594 Ξ

118 2597 200 2636 GN.
222 2595 344 2634 Dolet
362 2594 513 2633 dietum
533 2592 778 2648 imprudenti
798 2592 1053 2640 adulescenti,
1076 2598 1116 2631 et
1133 2593 1270 2633 libero.
1535 2595 1590 2633 40
1631 2586 1652 2657 ᾗ

118 2663 192 2704 PA.
233 2662 290 2702 At
308 2668 346 2700 te
367 2661 421 2700 Di
441 2660 622 2714 perdant.
701 2660 782 2698 GN.
824 2659 931 2703 Quid
950 2658 1015 2699 ille
1036 2660 1198 2712 quaeso?
1272 2659 1351 2699 ΤΗ.
1393 2659 1604 2700 Perditus.-
1669 2668 1670 2671 ’

119 2731 220 2770 Risu
235 2721 389 2778 omnes,
413 2729 480 2781 qui
501 2728 678 2776 aderant,
701 2726 882 2766 emoriri:
913 2725 1086 2779 denique

121 2790 360 2835 Metuebant
378 2808 517 2834 omnes
531 2795 618 2848 jam
636 2807 714 2833 me.
802 2793 882 2832 GN.
923 2792 1018 2831 Non
1038 2791 1195 2844 injuria.

121 2864 199 2904 ΤΗ.
236 2863 315 2903 Sed
333 2862 431 2902 heus
451 2868 506 2911 tu,
527 2861 697 2915 purgon'
718 2873 792 2914 ego
811 2873 876 2900 me
896 2859 945 2898 de
965 2859 1062 2898 istac
1082 2858 1239 2909 Thaidi,

1627 2768 1637 2794 ἲ
