1670 3080
665 94 894 124 'ranan-ru
927 94 1054 124 vrrA.
1376 70 1378 72 ‚
1516 85 1595 129 xiii

111 194 259 221 summa
274 193 423 231 quoque
449 181 560 218 titulo
578 181 799 218 ascribitur:
828 193 917 218 nam
936 181 1221 217 ADELPHORUM
1238 182 1467 231 principium
1478 185 1597 221 Varro

110 235 224 271 etiam
241 234 393 282 praefert
409 233 594 281 principio
612 232 827 268 Menandri.

162 285 253 321 Non
281 286 440 321 obscura
466 283 564 319 fama
594 287 662 326 est,
691 283 860 330 adjutum
889 282 1111 318 Terentium
1136 282 1176 318 in
1201 283 1351 331 scriptis
1371 296 1391 319 a
1410 283 1532 321 Laelio
1561 291 1597 321 et

111 335 300 383 Scipione,
329 335 553 382 quibuscum
580 332 812 369 familiariter
837 332 942 368 vixit.
1014 333 1187 368 Eandem
1217 334 1298 381 ipse
1331 335 1456 377 auxit;
1499 340 1595 371 nunt

111 397 224 433 quam
243 386 356 430 enim,
375 385 450 421 nisi
465 384 610 428 leviter,
629 395 669 419 se
687 383 800 419 tutari
818 387 987 426 conatur,
1011 388 1054 419 ut
1071 384 1110 419 in
1129 383 1294 432 Prologo
1312 384 1594 433 Adelphorum:

308 460 396 490 Nam
411 459 498 497 qu6d
513 459 570 489 isti
583 459 698 489 dicunt
712 458 879 494 malevoli,
900 458 1053 488 homines
1068 458 1195 489 nobiles

309 500 397 529 Eum
409 499 568 536 adJutare,
584 498 784 535 assidueque
798 506 866 527 una
881 497 1040 527 scribere:

308 539 404 570 Quod
417 539 466 568 illi
481 539 697 568 maledictum
712 538 893 567 vehemens
908 545 981 566 esse
995 537 1215 573 existumant,

307 578 391 607 Eam
406 578 539 608 laudem
553 578 607 606 hic
621 577 713 607 ducit
727 577 934 612 maxumam,
951 576 1109 606 cumillis
1122 577 1239 614 placet,

309 617 375 648 Qui
388 616 481 647 vobis
495 617 660 646 universis
674 619 706 646 et
719 615 840 653 populo
854 616 995 653 placent,

309 657 459 688 Quorum
474 656 571 694 opera
584 657 620 685 in
634 656 729 690 bello,
745 656 780 684 in
795 654 871 690 otio,
887 655 922 684 in
934 653 1076 692 negotio,

309 695 374 726 Suo
388 695 529 733 quisque
544 698 690 732 tempore
704 695 786 724 usus
800 694 842 724 'st
856 695 927 724 sine
943 694 1104 732 superbia.

111 761 270 798 Videtur
299 765 425 797 autem
453 773 492 796 se
509 760 630 795 levius
658 759 879 803 defendisse,
912 759 1001 806 quia
1030 759 1183 803 sciebat,
1211 759 1335 795 Laelio
1362 764 1400 795 et
1431 760 1599 808 Scipioni

111 823 189 849 non
218 812 405 859 ingratam
433 823 514 847 esse
542 810 638 846 hanc
667 810 906 858 opinionem;
938 822 1025 857 quae
1049 815 1175 845 tamen
1199 811 1320 858 magis
1345 815 1382 846 et
1405 822 1524 858 usque
1553 812 1600 847 ad

110 863 318 911 posteriora
350 867 520 909 tempora
554 861 681 897 valuit.
752 860 799 898 Q..
833 860 1041 896 Memmius
1075 860 1115 896 in
1149 861 1317 896 oratione
1351 873 1420 908 pro
1452 873 1491 897 se
1524 862 1597 898 ait:

113 913 156 950 P.
174 912 390 956 Africanus,
417 912 493 960 qui,
522 924 543 948 a
560 912 738 949 Terentio
764 923 965 958 personam
993 915 1197 954 mutuatus,
1228 924 1314 959 quae
1338 911 1442 947 domi
1459 912 1599 948 luserat

110 963 204 1012 ipse,
222 964 377 1000 nomine
391 963 495 999 illius
512 963 552 998 in
567 974 719 998 scenam
738 962 883 997 detulit.
930 961 1060 1009 Nepos
1078 967 1230 998 auctore
1248 967 1352 998 certo
1370 963 1598 1010 comperisse

113 1027 153 1052 se
172 1015 235 1059 ait,
263 1015 306 1050 C.
326 1013 492 1050 Laelium
520 1014 709 1061 quondam
733 1013 772 1048 in
791 1012 1000 1049 Puteolano
1020 1012 1175 1048 Calend.
1196 1011 1347 1048 Martiis
1364 1013 1599 1050 admonitum

112 1066 158 1102 ab
175 1077 304 1109 uxore,
323 1064 529 1112 temporius
548 1069 590 1099 ut
606 1064 870 1107 discumberet,
897 1063 1051 1110 petiisse
1071 1064 1115 1098 ab
1134 1075 1188 1107 ea,
1208 1075 1255 1098 ne
1274 1063 1597 1111 interpellaretur:

47 1155 57 1164 ,
114 1116 233 1153 serius
258 1114 411 1152 tandem
437 1115 653 1162 ingressum
679 1114 888 1150 triclinium
918 1114 1070 1157 dixisse,
1097 1125 1174 1149 non
1203 1126 1304 1161 saepe
1333 1113 1372 1149 in
1401 1115 1599 1152 scribendo

113 1167 235 1216 magis
253 1165 480 1203 successisse
505 1165 588 1209 sibi,
617 1165 750 1201 deinde
769 1169 955 1211 rogatum,
985 1169 1027 1199 ut
1045 1164 1185 1211 scripta
1203 1164 1268 1200 illa
1284 1164 1481 1213 proferret,
1508 1177 1595 1213 pro-

113 1217 312 1254 nunciasse
328 1229 469 1260 versus,
499 1216 564 1264 qui
582 1221 670 1252 sunt
687 1216 727 1251 in
746 1215 947 1251 HEAUTON
966 1215 1267 1251 TIMORUMENoz

350 1290 437 1321 Satis
450 1290 506 1328 pol
525 1292 677 1328 proterve
690 1290 746 1320 me
761 1290 833 1327 Syri
846 1289 1010 1327 promissa
1023 1290 1089 1320 huc
1104 1289 1321 1320 induxerunt.

118 1357 251 1394 Santra
272 1356 493 1393 Terentium
525 1356 726 1399 existimat,
762 1356 795 1391 si
826 1356 939 1391 modo
973 1355 1012 1391 in
1048 1354 1246 1391 scribendo
1275 1353 1507 1403 adjutoribus
1542 1357 1600 1392 in-

118 1407 293 1456 diguerit,
320 1419 398 1443 non
415 1411 492 1442 tam
512 1406 687 1454 Scipione
705 1411 742 1442 et
761 1406 884 1443 Laelio
901 1406 958 1441 uti
976 1406 1156 1454 potuisse,
1187 1406 1249 1453 qui
1274 1411 1365 1442 tunc
1383 1407 1600 1443 adolescen-

116 1458 188 1495 tuli
201 1458 317 1501 fuere‚
347 1469 460 1505 quam
479 1457 521 1492 C.
543 1457 709 1504 Sulpicio
731 1457 854 1500 Gallo,
872 1457 1026 1492 homine
1044 1457 1168 1500 docto,
1191 1462 1228 1492 et
1247 1457 1311 1503 qui
1331 1457 1603 1494 Consularibus

119 1509 238 1545 Ludis
266 1508 416 1544 initium
439 1507 569 1543 fecerit
595 1507 805 1543 fabularum
832 1507 1058 1543 dandarum:
1088 1507 1147 1543 vel
1167 1507 1214 1545 Q.
1235 1507 1352 1543 Fabio
1371 1507 1548 1545 Labeone
1566 1515 1605 1544 et

120 1558 176 1596 M.
194 1558 367 1607 Popillio,
389 1558 588 1594 Consulari
618 1562 775 1604 utroque
800 1570 841 1593 ac
859 1559 990 1605 pocta:
1019 1557 1102 1593 ideo
1126 1559 1251 1605 ipsum
1268 1570 1346 1594 non
1359 1559 1519 1606 juvenes
1537 1561 1600 1595 de-

119 1610 302 1658 signasse,
331 1609 395 1656 qui
415 1621 453 1644 se
469 1608 656 1656 adjuvisse
675 1608 899 1652 dicerentur,
929 1607 994 1643 sed
1012 1608 1122 1651 viros,
1153 1620 1313 1656 quorum
1332 1621 1485 1656 operam
1503 1616 1540 1646 et
1566 1611 1606 1646 in

118 1660 220 1697 bello
237 1665 275 1696 et
291 1661 330 1696 in
348 1659 425 1695 otio
442 1664 480 1695 et
497 1659 537 1694 in
554 1659 708 1706 negotio
724 1658 884 1706 populus
903 1658 952 1694 sit
970 1664 1157 1706 expertus.
1212 1659 1304 1695 Post
1327 1660 1445 1696 editas
1464 1673 1605 1697 comoe-

120 1711 199 1748 dias
238 1711 408 1747 nondum
448 1709 623 1757 quintum
657 1715 769 1757 atque
803 1709 1041 1757 trigesimum
1089 1722 1262 1757 egressus
1297 1722 1451 1755 annum,
1496 1723 1607 1747 causa

121 1762 305 1798 evitandae
324 1760 523 1808 opinionis,
554 1760 642 1807 quia
670 1760 865 1796 videbatur
894 1760 1016 1795 aliena
1042 1772 1109 1807 pro
1138 1760 1214 1795 suis
1244 1760 1366 1804 edere,
1395 1773 1462 1797 seu
1484 1763 1605 1810 perci-

120 1812 248 1861 piendi
283 1812 508 1848 Graecorum
538 1810 710 1846 instituta
742 1822 955 1857 moresque,
995 1822 1088 1857 quos
1122 1811 1277 1857 perinde
1309 1812 1536 1859 exprimeret
1569 1814 1607 1848 in

122 1863 285 1910 scriptis,
320 1874 492 1910 egressus
521 1862 613 1897 urbe
641 1866 709 1904 est,
745 1873 870 1908 neque
901 1860 1062 1908 amplius
1093 1861 1214 1897 rediit.
1284 1861 1344 1897 De
1374 1868 1495 1899 morte
1527 1863 1608 1911 ejus

122 1914 318 1950 Volcatius
335 1912 470 1949 tradit:

279 1974 342 2004 Sed
354 1973 394 2003 ut
409 1973 487 2002 Afer
501 1981 561 2002 sex
575 1972 695 2010 populo
710 1972 813 2002 edidit
828 1966 1018 2008 comoedias,

280 2013 346 2043 Iter
362 2012 441 2042 hinc
454 2013 489 2041 in
504 2012 620 2041 Asiam
635 2011 713 2041 fecit
732 2022 738 2042 :
762 2013 875 2042 navim
891 2012 969 2042 cum
984 2012 1087 2042 semel

279 2051 486 2087 Conscendit,
502 2052 596 2081 visus
611 2052 786 2089 nunquam
801 2054 861 2081 est.
906 2052 959 2081 Sic
974 2051 1044 2081 vita
1058 2054 1164 2082 vacat.

125 2121 173 2159 Q..
193 2120 420 2156 Consetius*
443 2118 665 2155 redeuntem
683 2131 703 2154 e
724 2119 875 2155 Graecia
892 2119 1046 2167 periisse
1072 2120 1110 2155 in
1129 2120 1224 2156 mari
1242 2120 1333 2156 dicit
1351 2132 1438 2156 cum
1457 2128 1609 2160 centum

124 2177 162 2208 et
178 2176 262 2207 octo
279 2170 414 2206 fabulis
433 2170 624 2206 conversis
639 2182 658 2205 e
678 2169 902 2206 Menandro.
934 2171 1060 2205 Ceteri
1075 2177 1267 2206 mortuum
1286 2183 1367 2207 esse
1382 2172 1421 2207 in
1436 2173 1609 2211 Arcadiae

125 2221 355 2270 Stymphalo,
373 2221 451 2256 sive
470 2220 660 2256 Leucadia
684 2220 847 2263 tradunt,
878 2221 948 2256 Cn.
967 2221 1143 2257 Cornelio
1163 2222 1375 2266 Dolabella,
1399 2222 1455 2258 Μ.
1477 2223 1612 2261 Fulvio

125 2272 321 2309 Nobiliore
353 2271 472 2314 Coss.,
491 2272 622 2306 morbo
646 2271 874 2318 implicitum
902 2271 990 2313 acri,
1020 2271 1147 2307 dolore
1176 2284 1218 2307 ac
1246 2273 1360 2308 taedio
1388 2273 1611 2311 amissarum

124 2323 345 2366 fabularum,
374 2334 466 2369 quas
484 2322 523 2357 in
542 2321 629 2357 navi
652 2321 899 2369 praemiserat,
921 2334 963 2357 ac
983 2322 1095 2358 simul
1123 2323 1344 2366 fabularum,
1376 2335 1469 2371 quas
1497 2337 1612 2362 novas

124 2374 270 2410 fecerat.
325 2372 458 2408 Fuisse
471 2372 608 2408 dicitur
624 2372 805 2408 mediocri
819 2377 971 2415 statura,
991 2373 1123 2420 gracili
1153 2385 1320 2421 corpore,
1349 2375 1476 2411 colore
1492 2376 1610 2413 fusco.

127 2424 298 2472 Reliquit
314 2423 443 2466 filiam,
459 2435 545 2471 quae
563 2428 650 2470 post
667 2423 785 2470 equiti
799 2423 973 2459 Romano
991 2424 1130 2470 nupsit.
1178 2423 1276 2460 Item
1288 2424 1460 2462 hortulos
1478 2427 1612 2474 viginti

123 2475 312 2524 jugerum,
336 2474 398 2510 via
421 2473 545 2521 Appia
570 2474 615 2509 ad
637 2473 774 2510 Martis
797 2472 938 2510 villam.
1007 2473 1094 2511 Quo
1121 2475 1243 2522 magis
1276 2475 1405 2521 miror,
1434 2476 1611 2514 Porcium

129 2525 311 2562 scribere:

757 2572 814 2602 Nil
829 2572 968 2603 Publius

283 2612 392 2650 Scipio
404 2611 538 2650 profuit,
560 2612 645 2641 nihil
659 2611 690 2640 ei
704 2612 842 2647 Lae'lius,
865 2613 913 2641 nil
927 2612 1058 2647 Furius,

283 2652 364 2682 Tres
379 2660 436 2688 per
450 2652 539 2681 idem
553 2651 685 2688 tempus
700 2652 759 2688 qui
772 2652 942 2689 agitabant
957 2651 1081 2681 nobiles
1096 2650 1262 2683 facillime.

284 2690 408 2721 Eorum
422 2691 478 2720 ille
492 2699 588 2728 opera
602 2690 644 2720 ne
659 2691 795 2719 domum
810 2691 946 2728 quidem
961 2691 1078 2720 habuit
1093 2692 1340 2729 conductitiam,

285 2730 409 2761 saltem
422 2733 461 2760 ut
475 2733 572 2766 esset,
594 2728 660 2768 quo
673 2730 809 2760 referret
822 2729 951 2760 obitum
965 2730 1092 2760 domini
1107 2730 1178 2761 serv
1184 2732 1268 2761 ulus.

717 2808 736 2827 ³*
758 2807 811 2837 Al.
835 2808 1017 2838 Cosconius.
