1670 3080
267 620 325 671 P.
381 622 831 672 TERENTII
890 621 1110 671 AFRI
1166 620 1390 671 VITA

525 757 572 805 E
638 755 1121 805 SUETONIO.

139 1126 297 1165 Publius
325 1130 524 1167 Terentius
542 1130 645 1174 Afer,
669 1129 897 1178 Carthagine
915 1133 1037 1173 natus,
1069 1127 1222 1164 servivit
1239 1127 1376 1164 Romae
1395 1126 1572 1163 Terentio

90 1176 246 1215 Lucano
273 1181 447 1224 senatori,
475 1194 497 1217 a
518 1193 592 1228 quo
622 1182 668 1217 ob
696 1181 894 1228 ingenium
916 1185 954 1216 et
969 1180 1130 1215 formam
1147 1191 1225 1214 non
1247 1177 1444 1215 institutus
1459 1178 1573 1214 modo
1634 1184 1645 1193 ·

88 1226 304 1274 liberaliter,
343 1231 409 1266 sed
438 1235 476 1267 et
502 1236 646 1266 mature
677 1231 932 1267 manumissus
964 1235 1030 1266 est.
1103 1229 1268 1267 Quidam
1304 1233 1456 1276 captum
1490 1239 1572 1264 esse

89 1278 317 1324 existimant,
345 1281 446 1328 quod
471 1281 553 1317 fieri
580 1281 686 1317 nullo
712 1281 825 1317 modo
851 1281 1019 1328 potuisse
1039 1279 1252 1315 Fenestella
1279 1278 1401 1323 docet,
1428 1290 1516 1314 cum
1533 1278 1573 1314 in

88 1328 163 1365 fine
182 1331 335 1366 secundi
363 1331 453 1367 belli
484 1331 619 1367 Punici
638 1337 676 1367 et
692 1337 777 1367 ante
801 1331 952 1367 initium
975 1330 1077 1367 tertii
1100 1335 1211 1366 natus
1239 1329 1288 1365 sit
1315 1334 1354 1365 et
1375 1333 1573 1370 mortuus;

88 1390 171 1423 nec,
200 1380 233 1416 si
250 1393 272 1416 a
289 1381 467 1417 Numidis
491 1387 555 1418 aut
574 1382 737 1418 Gaetulis
768 1387 899 1429 captus
927 1381 986 1424 sit,
1014 1381 1060 1416 ad
1080 1381 1216 1416 ducem
1243 1379 1463 1416 Romanum
1488 1390 1575 1427 per-

89 1430 216 1466 venire
243 1432 439 1478 potuisset,
467 1433 573 1468 nullo
602 1433 829 1468 commercio
859 1432 956 1467 inter
986 1431 1140 1467 Italicos
1169 1435 1206 1466 et
1230 1429 1357 1474 Afros,
1384 1429 1460 1466 nisi
1489 1434 1577 1477 post

89 1480 251 1516 deletam
273 1482 556 1529 Carthaginem,
585 1489 720 1529 coepto.
777 1482 853 1518 Hic
873 1494 960 1518 cum
986 1480 1116 1517 multis
1130 1480 1319 1516 nobilibus
1342 1479 1576 1516 familiariter

90 1530 196 1574 vixit,
225 1532 290 1567 sed
306 1533 470 1569 maxime
492 1545 579 1568 cum
599 1533 774 1580 Scipione
793 1537 830 1568 et
848 1544 934 1568 cum
954 1531 1088 1574 Laelio,
1118 1531 1253 1578 quibus
1277 1531 1392 1567 etiam
1406 1529 1574 1578 corporis

90 1581 211 1628 gratia
239 1582 460 1619 conciliatus
488 1583 734 1626 existimatur,
764 1583 864 1630 quod
882 1588 920 1618 et
936 1582 1060 1630 ipsum
1080 1580 1295 1618 Fenestella
1321 1580 1458 1630 arguit,
1481 1592 1572 1617 con·
1618 1577 1623 1583 ’

89 1632 247 1668 tendens
281 1638 441 1680 utroque
481 1634 663 1680 majorem
696 1638 788 1669 natu
817 1633 946 1676 fuisse,
985 1632 1157 1679 quamvis
1199 1631 1400 1668 Cornelius
1442 1630 1576 1679 Nepos

92 1682 257 1768 aequlales
274 1696 416 1768 fomnes
442 1684 557 1720 fuisse
576 1685 707 1727 tradat,
737 1688 774 1719 et
792 1683 949 1719 Porcius
967 1683 1223 1731 suspicionem
1240 1683 1286 1719 de
1304 1681 1576 1719 consuetudine

93 1743 159 1779 per
204 1746 259 1769 aec
289 1734 384 1770 aciat
400 1748 407 1769 :

255 1808 346 1838 Dum
361 1808 534 1838 lasciviam
549 1809 712 1838 nobilium
726 1810 759 1838 et
770 1808 901 1838 fucosas
915 1806 1029 1837 laudes
1042 1807 1136 1845 petit,

251 1847 342 1876 Dum
356 1848 516 1877 A'fricani
530 1848 808 1888 vocem‘divinam
824 1847 932 1876 inhiat
946 1847 1052 1876 avidis
1068 1846 1214 1881 auribus,

251 1886 341 1915 Dum
357 1886 399 1915 ad
414 1887 550 1915 Furium
565 1895 599 1915 se
613 1887 771 1916 coenitare
786 1890 818 1916 et
835 1886 973 1917 Laelium
987 1885 1165 1923 pulchrum
1177 1886 1284 1922 putat,

252 1925 344 1955 Dum
360 1934 394 1955 se
410 1925 515 1955 amari
528 1927 649 1960 credit:
672 1927 713 1955 ad
728 1934 894 1955 summam
908 1925 1057 1962 inopiam
1072 1924 1227 1954 redactus
1241 1926 1302 1953 est.

250 1963 381 2001 I'taque
396 1974 413 1994 e
427 1968 604 2001 conspectu
619 1964 769 1994 omnium
787 1965 867 1994 abiit
883 1963 1044 1994 Graiciam
1058 1964 1093 1993 in
1108 1967 1231 1993 terram
1243 1962 1410 1993 ultimam.

252 2003 407 2033 Mortuus
420 2007 471 2033 est
484 2004 518 2032 in
530 2004 731 2040 Stymphalo,
755 2004 905 2033 Arcadiae
921 2004 1050 2041 6ppido.
1094 2003 1151 2032 Nil
1164 2002 1303 2032 Publius

253 2041 362 2080 Scipio
376 2042 511 2080 profuit,
534 2043 619 2071 nihil
633 2043 663 2071 ei
678 2043 810 2078 Lae'lius‚
833 2043 881 2072 nil
896 2043 1026 2078 Furius,

253 2081 334 2111 Tres
348 2090 406 2118 per
418 2082 507 2111 idem
521 2082 655 2118 tempus
669 2082 726 2118 qui
740 2083 910 2119 agitabant
923 2082 1049 2112 nobiles
1064 2079 1242 2113 facillime;

251 2119 377 2150 Eorum
390 2121 446 2150 ille
460 2129 558 2157 opera
571 2121 612 2150 ne
627 2122 763 2150 domum
778 2121 912 2157 quidem
926 2121 1044 2150 habuit
1057 2119 1307 2154 conductitiam,

252 2159 378 2189 saltem
393 2163 431 2189 ut
445 2164 542 2195 esset,
557 2159 622 2197 quo
636 2160 771 2189 referret
786 2160 913 2190 obitum
928 2160 1055 2190 domini
1069 2159 1233 2189 servulus.

148 2238 307 2286 Scripsit
324 2238 540 2275 Comoedias
558 2250 645 2280 sex3
674 2250 721 2273 ex
738 2238 873 2285 quibus
890 2238 1050 2285 primam
1069 2237 1266 2273 Amnum
1283 2245 1370 2271 cum
1387 2233 1578 2271 AEdilibus

96 2288 211 2332 daret,
221 2290 351 2336 jussus
369 2294 454 2325 ante
474 2288 655 2325 Caecilio*
674 2288 843 2332 recitare,
862 2290 907 2324 ad
925 2293 1139 2324 coenantem
1157 2298 1244 2322 cum
1260 2285 1438 2329 venisset,
1456 2284 1578 2321 dictus

97 2345 165 2382 est,
193 2340 344 2376 initium
373 2340 525 2386 quidem
541 2338 690 2381 fabulae,
722 2339 822 2385 quod
850 2344 929 2374 erat
946 2338 1193 2374 contemtiore
1214 2335 1363 2378 vestitu,
1396 2335 1578 2372 subsellio

93 2389 201 2435 juxta
217 2390 399 2426 lectulum
415 2390 583 2426 residens
606 2389 743 2436 legisse
758 2403 765 2430 3
793 2394 879 2435 post
894 2401 1034 2436 paucos
1051 2400 1140 2424 vero
1163 2398 1304 2429 versuS,
1327 2384 1518 2430 invitatus,
1536 2391 1580 2422 ut

95 2442 346 2484 accumberet,
375 2452 544 2477 coenasse
573 2451 659 2481 una,
689 2438 822 2474 deinde
840 2445 963 2475 cetera
987 2438 1217 2486 percurrisse
1233 2448 1312 2472 non
1336 2435 1418 2472 sine
1439 2447 1579 2484 magna

99 2491 246 2528 Caecilii
276 2491 532 2527 admiratione.
586 2489 639 2525 Et
667 2488 765 2524 hanc
796 2494 920 2525 autem
946 2493 984 2524 et
1010 2489 1176 2536 quinque
1202 2487 1364 2534 reliquas
1382 2484 1579 2533 aequaliter

95 2542 236 2590 populo
252 2542 435 2589 probavit.
471 2539 654 2578 Quamvis
664 2538 859 2575 Volcatius
874 2540 919 2575 de
933 2538 1214 2575 enumeratione
1231 2536 1403 2574 omnium
1420 2536 1575 2573 scribat:

447 2621 604 2652 Sumetur
617 2620 775 2650 HECYRA
791 2620 887 2650 sexta
907 2629 950 2650 ex
964 2620 1017 2650 his
1030 2620 1151 2650 fabula.

99 2703 322 2739 Eunucnus
347 2701 500 2749 quidem
515 2700 600 2746 bis†
618 2703 700 2736 acta
727 2703 794 2741 est,
822 2699 1034 2746 meruitque
1057 2698 1233 2746 pretium,
1262 2699 1445 2744 quantum
1474 2693 1579 2732 nulla

97 2758 207 2791 antea
232 2754 456 2801 cujusquam
483 2749 680 2794 comoedia,
706 2749 745 2785 id
773 2754 840 2793 est,
872 2755 957 2786 octo
985 2749 1105 2785 millia
1132 2757 1354 2788 nummum;
1379 2749 1579 2795 propterea

328 2848 347 2867 ἕ
369 2846 421 2876 Al.
443 2845 566 2877 Acilio.
738 2855 757 2874 ο
995 2846 1010 2878 †
1035 2843 1086 2872 Al.
1109 2841 1271 2879 adiiciunt
1291 2841 1353 2871 aie.
