1670 3080
175 107 269 155 174
796 122 1019 156 HECYRA.

171 212 307 251 Nosne
328 211 403 250 hoc
424 211 570 250 celatos
589 211 741 251 tamdiu
757 213 770 250 ἲ
798 226 950 264 nequeo
970 212 1074 260 satis,

170 279 301 323 Quam
320 278 395 317 hoc
415 278 514 317 mihi
533 278 689 317 videtur
705 279 854 318 factum
873 292 1005 331 prave,
1026 277 1219 331 proloqui.

169 344 245 383 Pa.
285 344 380 382 Non
399 344 499 382 mihi
518 343 615 383 illud
632 344 781 383 factum
800 344 932 383 minus
952 343 1068 392 dolet,
1091 357 1211 396 quam
1230 342 1314 391 tibi,
1337 343 1484 385 Lache.
1575 346 1625 384 25

168 410 241 449 ΡΛ.
283 410 414 449 Etiam
434 411 467 449 si
487 411 636 450 dudum
655 411 785 450 fuerat
802 411 1034 463 ambiguum
1054 410 1129 449 hoc
1149 409 1261 461 mihi,

168 476 287 516 Nunc
307 490 388 515 non
409 483 491 526 est;
522 491 614 516 cum
633 490 720 516 eam
740 477 916 528 sequitur
935 476 1085 515 alienus
1105 489 1214 528 puer.

166 543 241 582 LA.
282 541 404 582 Nulla
422 543 504 592 tibi,
528 543 746 596 Pamphile,
767 543 831 582 hic
845 543 931 596 jam
951 541 1246 582 consultatio’st.

168 609 240 648 ΡΑ.
281 610 397 649 Perii.
483 611 557 650 LA.
598 611 721 649 Hunc
741 610 874 649 videre
895 622 1000 661 saepe
1020 609 1253 661 optabamus
1272 609 1389 658 diem,

166 676 267 715 Cum
287 690 337 716 ex
355 682 393 716 te
414 683 516 716 esset
534 677 686 729 aliquis,
709 677 774 730 qui
796 682 833 715 te
854 675 1071 728 appellaret
1089 680 1242 726 patrem
1258 688 1270 714 :
1569 678 1622 715 30

165 740 334 780 Evenit:
364 741 491 781 habeo
509 741 678 794 gratiam
698 741 783 781 Dis.
869 741 941 779 ΡΑ.
981 739 1125 779 Nullus
1145 753 1246 779 sum.

165 805 239 846 LA.
279 807 416 847 Reduc
436 821 613 856 uxorem,
635 822 681 847 ac
699 807 780 846 noli
800 806 999 846 advorsari
1018 806 1129 845 mihi.

163 873 236 912 ΡΑ.
276 874 404 922 Pater,
426 874 459 913 si
478 888 527 913 ex
547 888 610 913 me
630 874 699 913 illa
716 873 859 912 liberos
881 872 998 911 vellet
1017 873 1102 920 sibi,

162 939 247 978 Aut
266 952 306 977 se
327 952 410 978 esse
429 952 585 978 mecum
606 944 771 991 nuptam
786 953 796 987 ;
827 938 919 976 satis
939 943 1045 977 certo
1065 938 1157 986 scio,

162 1005 202 1045 N
205 1019 256 1044 on
277 1006 380 1045 clam
398 1020 463 1045 me
482 1006 657 1055 haberet,
679 1007 784 1058 quod
803 1006 948 1045 celasse
966 1005 1158 1058 intelligo.
1568 1009 1619 1046 35

162 1072 293 1119 Nunc,
315 1086 405 1111 cum
427 1073 510 1125 ejus
530 1072 703 1111 alienum
724 1086 747 1111 a
766 1086 830 1111 me
850 1085 932 1111 esse
953 1072 1132 1111 animum
1151 1071 1330 1120 sentiam,

156 1138 302 1190 Neque
323 1143 610 1176 conventurum
629 1138 733 1176 inter
751 1151 822 1175 nos
840 1137 1003 1189 posthac
1024 1138 1210 1187 arbitrem

160 1202 428 1245 Quamobrem
446 1203 664 1242 reducam?
746 1203 820 1241 LA.
861 1203 994 1242 Mater
1012 1203 1118 1255 quod
1137 1204 1259 1244 suasit
1278 1218 1359 1253 sua,

158 1268 405 1309 Adulescens
424 1268 567 1308 mulier
585 1268 679 1308 fecit
695 1283 703 1307 :
733 1269 1013 1307 mirandumne
1033 1269 1073 1308 id
1093 1269 1180 1308 est?

154 1334 338 1382 Censen',
361 1340 398 1373 te
417 1348 531 1387 posse
550 1335 722 1387 reperire
741 1334 862 1373 ullam
883 1334 1101 1382 mulierem,
1563 1338 1632 1375 40<
1666 1357 1670 1369 -·

157 1402 257 1443 Quae
277 1406 408 1439 careat
427 1400 570 1452 culpa?
597 1413 649 1439 an
670 1400 762 1452 quia
780 1413 862 1438 non
882 1399 1118 1452 delinquunt
1135 1399 1239 1439 viri?

157 1464 233 1503 Pu.
274 1465 439 1504 Vosmet
457 1465 587 1505 videte
601 1465 698 1517 jam,
722 1464 854 1504 Lache
875 1470 916 1504 et
934 1470 977 1504 tu
998 1464 1216 1518 Pamphile,

155 1532 377 1572 Remissan’
398 1547 494 1585 opus
514 1533 564 1572 sit
582 1533 704 1581 vobis,
726 1533 958 1572 redductan’
977 1534 1152 1573 domum.

154 1599 265 1638 Uxor
285 1600 379 1652 quid
397 1600 527 1648 faciat,
549 1600 590 1638 in
611 1613 734 1639 manu
753 1614 834 1639 non
855 1606 914 1640 est
931 1613 1033 1640 mea.

152 1665 306 1705 Neutra
324 1666 365 1705 in
384 1679 426 1704 re
447 1666 557 1705 vobis
576 1666 786 1706 difficultas
805 1680 829 1705 a
847 1681 912 1706 me
933 1667 1019 1707 erit.
1311 1686 1313 1689 ·
1558 1670 1611 1708 45

153 1731 230 1770 Sed
250 1732 345 1785 quid
362 1732 554 1772 faciemus
573 1734 725 1785 puero?
808 1733 882 1772 LA.
922 1732 1105 1773 Ridicule
1123 1745 1264 1786 rogas:

1656 1795 1670 1839 ς

1655 1855 1670 1927 ἐξ

151 1798 347 1851 Quicquid
367 1799 605 1847 futurum'st‚
626 1799 719 1838 huic
740 1813 854 1839 suum
874 1800 1014 1839 reddas
1032 1798 1205 1848 scilicet;

150 1865 206 1902 Ut
224 1864 375 1904 alamus
395 1871 585 1904 nostrum.
671 1867 742 1905 ΡΑ.
782 1867 912 1910 Quem
931 1867 1014 1919 ipse
1033 1865 1211 1919 neglexit
1227 1871 1351 1919 pater,

149 1931 234 1983 Ego
254 1931 388 1970 alam?
470 1932 544 1970 LA.
584 1932 690 1975 Quid
710 1932 837 1971 dixti?
866 1932 966 1971 eho!
997 1945 1047 1971 an
1068 1945 1149 1971 non
1168 1931 1331 1980 alemus,
1354 1931 1592 1985 Pamphile?
1664 1983 1665 1987 Ἰ

149 1997 368 2035 Prodemus
388 2011 521 2049 quaeso
540 1998 699 2049 potius?
727 2011 816 2049 quae
836 1997 922 2036 haec
943 1997 1117 2036 amentia
1136 1997 1222 2036 est?
1553 1996 1606 2037 50

147 2062 361 2101 Enimvero
379 2076 536 2114 prorsus
548 2062 634 2115 jam
654 2068 783 2101 tacere
804 2075 883 2100 non
904 2075 1005 2114 queo
1021 2075 1031 2110 ;

147 2129 254 2167 Nam
275 2129 392 2181 cogiS‚
415 2142 472 2176 ea,
495 2142 584 2181 quae
603 2128 706 2176 nolo,
728 2134 773 2167 ut
790 2133 984 2180 praesente
1002 2127 1078 2167 hoc
1097 2127 1246 2180 loquar.

147 2195 338 2247 Ignarum
358 2209 494 2234 censes
513 2201 670 2234 tuarum
689 2195 954 2247 lacrymarum
975 2207 1057 2233 esse
1076 2194 1172 2232 me?

145 2263 230 2300 Aut
249 2262 343 2313 quid
362 2262 411 2300 sit
428 2261 516 2309 hoc,
538 2261 644 2314 quod
663 2260 854 2300 solicitere
875 2261 926 2299 ad
943 2259 1050 2299 hunc
1068 2257 1260 2299 modum?

145 2328 324 2368 Primum
341 2329 444 2367 hanc
464 2328 532 2366 ubi
551 2328 649 2366 dixti
669 2341 838 2375 causam,
860 2332 898 2365 te
918 2331 1078 2379 propter
1096 2331 1206 2365 tuam

143 2394 319 2433 Matrem
338 2407 419 2432 non
437 2407 550 2446 posse
569 2392 715 2432 habere
733 2392 837 2431 hanc
857 2406 1021 2431 uxorem
1042 2392 1158 2440 domi,

143 2460 323 2499 Pollicita
342 2465 401 2499 est
420 2473 467 2498 ea
486 2473 526 2499 se
546 2470 818 2498 concessuram
839 2472 890 2498 ex
908 2459 1070 2498 aedibus.

143 2526 274 2574 Nunc,
295 2531 504 2579 postquam
524 2525 722 2564 ademtam
740 2524 844 2563 hanc
865 2539 1019 2577 quoque
1039 2525 1109 2564 tibi
1129 2538 1288 2565 causam
1307 2525 1440 2574 vides3

142 2591 246 2630 Puer
265 2591 357 2644 quia
371 2591 472 2630 clam
491 2596 530 2629 te
550 2595 608 2629 est
625 2595 751 2637 natus,
772 2595 912 2628 nactus
931 2589 1096 2629 alteram
1117 2604 1170 2630 es.

141 2658 271 2704 Erras,
295 2658 352 2696 tui
370 2657 493 2696 animi
513 2657 545 2695 si
563 2670 628 2695 me
649 2670 729 2695 esse
748 2656 932 2708 ignarum
952 2661 1079 2708 putas.

140 2722 366 2775 Aliquando
387 2723 547 2761 tandem
565 2722 642 2761 huc
663 2721 840 2760 animum
858 2727 904 2760 ut
922 2721 1092 2762 adducas
1112 2727 1236 2770 tuum,

141 2789 270 2834 Quam
288 2789 452 2842 longum
473 2789 642 2842 spatium
660 2788 820 2828 amandi
839 2788 1008 2828 amicam
1027 2788 1099 2828 tibi
1117 2788 1238 2828 dedi?
