1670 3080
122 160 183 208 60
717 177 1001 210 Eumicims.

118 262 195 302 ΡΗ.
234 263 381 303 Nescio
402 263 498 316 quid
515 264 693 317 profecto
712 265 874 304 absente
894 265 1009 304 nobis
1028 262 1283 304 turbatum’st
1301 265 1422 306 domi.

116 329 249 370 Adibo
267 345 275 370 :
306 331 403 384 quid
421 332 520 371 istuc
536 332 551 370 ’.Ρ
581 331 677 383 quid
694 332 885 371 festinas?
913 338 982 371 aut
1001 345 1119 384 quem
1141 332 1297 384 quaeriS,
1319 332 1512 388 Pythias?

117 396 188 436 ΡΥ.
230 397 370 445 Ehem,
393 397 588 446 Phaedria,
618 411 692 450 ego
712 412 831 450 quem
851 399 1053 450 quaeram?
1081 398 1135 436 in’
1155 397 1261 446 hinc,
1289 411 1368 450 quo
1393 398 1582 452 dignus’s‚

278 478 370 504 cum
389 465 504 504 donis
524 465 601 504 tuis

113 529 214 568 Tam
233 529 399 582 lepidis.-
472 531 548 569 ΡΗ.
589 530 696 575 Quid
715 530 815 569 istuc
836 535 896 568 est
914 530 1001 568 rei?
1531 533 1584 572 10

113 594 187 634 ΡΥ.
228 595 415 648 Rogan’?
445 596 684 635 Eunuchum
705 609 824 647 quem
844 595 987 634 dedisti
1005 595 1149 634 nobis?
1177 608 1274 648 quas
1293 597 1428 637 turbas
1445 597 1581 637 dedit!

115 661 334 715 Virginem,
353 677 472 716 quam
487 663 594 702 herae
610 663 773 701 dederat
785 662 890 701 dono
905 661 1031 710 miles,
1049 662 1214 702 vitiavit.
1273 663 1350 703 ΡΗ.
1371 663 1480 708 Quid
1493 664 1552 704 ais
1565 665 1583 704 ’ἱ

112 728 185 768 ΡΥ.
226 729 357 768 Perii!
444 730 521 769 ΡΗ.
561 729 802 769 Temulenta
829 743 883 768 eS.
970 730 1042 768 ΡΥ.
1083 729 1249 769 Utinam
1276 730 1331 769 sic
1360 730 1451 779 sint,
1482 730 1582 771 mihi

273 797 341 849 qui
359 796 463 835 male
484 796 626 835 volunt
643 797 651 835 !

110 861 236 901 Dom.
267 863 335 901 Au
355 863 527 910 obsecro,
548 876 640 901 mea
660 861 836 914 Pythias,
858 861 965 915 quod
983 862 1083 901 istuc
1104 875 1199 902 nam
1218 867 1441 902 monstrum
1460 862 1566 903 fuit?

110 927 186 966 ΡΗ.
219 928 399 966 Insanis:
431 928 499 980 qui
518 928 618 967 istuc
637 928 768 967 facere
789 927 1008 967 Eunuchus
1026 928 1185 981 potuit?
1255 929 1327 968 ΡΥ.
1359 929 1447 982 Ego
1465 928 1595 970 illum-

270 994 430 1032 nescio:
460 993 548 1042 hoc,
1268 995 1271 999 ’
1528 996 1576 1034 15

108 1058 226 1102 Quod
243 1059 349 1107 fecit,
370 1073 433 1098 res
452 1060 538 1112 ipsa
556 1059 729 1099 indicat:

108 1124 233 1178 Virgo
252 1126 338 1179 ipsa
355 1126 560 1179 lacrymat,
582 1140 713 1178 neque
734 1140 826 1166 cum
845 1126 1006 1179 rogites,
1027 1124 1124 1179 quid
1143 1126 1204 1175 sit,
1226 1126 1347 1166 audet
1365 1126 1511 1166 dicere.

107 1191 180 1231 Ille
201 1198 334 1232 autem
353 1194 482 1233 bonus
497 1194 558 1233 vir
576 1207 775 1247 nusquam
792 1198 978 1247 apparet:
1001 1193 1121 1232 etiam
1135 1191 1212 1232 hoc
1227 1193 1372 1232 misera
1388 1193 1576 1246 suspicor,

105 1258 271 1311 Aliquid
291 1260 409 1298 domo
430 1260 645 1299 abeuntem
663 1260 881 1299 abstulisse.
968 1260 1044 1299 ΡΗ.
1084 1259 1252 1312 Nequeo
1270 1260 1407 1300 mirari
1425 1260 1531 1310 satis,
1563 1263 1578 1271 ‘

105 1325 195 1368 Quo
214 1325 307 1364 hinc
328 1325 394 1364 ille
415 1326 522 1365 abire
543 1326 710 1379 ignavos
729 1326 853 1379 possit
870 1325 1053 1380 longius:
1083 1326 1160 1365 nisi
1180 1326 1212 1365 si
1231 1326 1395 1366 domum
1523 1329 1576 1368 20

105 1391 222 1432 Forte
251 1393 302 1432 ad
327 1407 400 1432 nos
429 1393 558 1432 rediit.
635 1395 707 1433 ΡΥ.
748 1394 857 1443 Vise,
886 1395 1041 1450 amabo,
1073 1408 1171 1434 num
1203 1395 1264 1434 sit.
1351 1395 1428 1435 Pu.
1468 1395 1574 1444 Jam,

265 1461 370 1508 faxo,
392 1461 504 1500 scies.

103 1526 229 1566 Dom.
266 1527 397 1566 Perii!
429 1528 603 1576 obsecro,
639 1535 722 1568 tam
744 1529 954 1568 infandum
977 1529 1143 1577 facinus,
1172 1543 1263 1568 mea
1289 1534 1346 1578 tu,
1371 1543 1423 1569 ne
1443 1529 1577 1571 audivi

44 1581 51 1585 ’
266 1595 439 1647 quidem.

102 1661 174 1700 ΡΥ.
215 1662 272 1700 At
291 1662 357 1714 pol
377 1677 451 1716 ego
471 1670 669 1703 amatores
689 1663 894 1704 audieram
913 1663 1126 1703 mulierum
1147 1677 1231 1703 esse
1252 1677 1318 1704 eos
1336 1677 1560 1714 maxumos,

102 1728 180 1767 Sed
198 1727 255 1767 nil
274 1735 449 1782 potesse:
480 1745 619 1770 verum
639 1731 795 1770 miserae
815 1745 897 1770 non
916 1731 958 1770 in
978 1737 1158 1770 ment-em
1177 1737 1342 1772 venerat
1358 1745 1367 1770 :

101 1795 208 1834 Nam
241 1796 354 1836 illum
387 1797 520 1850 aliquo
554 1798 848 1846 conclusissem,
884 1812 1014 1851 neque
1049 1798 1108 1838 illi
1141 1799 1425 1839 commisissem
1455 1800 1575 1854 virgi-

262 1876 370 1903 nem.
1159 1896 1163 1899 <
1518 1869 1572 1907 25

515 2073 692 2113 ACTUS
724 2074 798 2113 IV.
859 2075 1040 2114 SCENA
1072 2075 1146 2114 IV.

362 2166 581 2205 Pnffinnm.
639 2167 799 2205 Donus.
859 2168 1059 2208 ΡΥΤΗῐΑε.
1118 2169 1295 2209 ΒοιυΑε.

96 2266 173 2306 ΡΗ.
214 2266 291 2306 Exi
309 2266 425 2316 foras,
448 2267 611 2307 sceleste
630 2283 638 2307 :
669 2274 712 2307 at
730 2269 851 2308 etiam
869 2269 1036 2319 restitas,

96 2332 309 2386 Fugitive?
336 2334 462 2386 prodi,
483 2334 588 2373 male
608 2335 829 2374 conciliate.
916 2335 994 2374 Do.
1037 2336 1223 2376 Obsecro.
1310 2337 1386 2378 ΡΗ.
1428 2338 1520 2380 Oh!

96 2399 198 2439 Illuc
217 2399 320 2448 vide,
343 2413 386 2438 os
405 2405 451 2438 ut
469 2400 543 2439 sibi
563 2400 738 2440 distorsit
757 2402 950 2441 carnufex
966 2403 975 2440 3

95 2468 203 2513 Quid
219 2467 298 2507 huc
317 2467 539 2506 reditio’st?
567 2467 687 2506 vestis
708 2467 804 2519 quid
821 2468 1070 2507 mutatio’st?

95 2535 202 2580 Quid
220 2535 384 2573 narras?
410 2533 575 2586 paulum
596 2534 629 2573 si
648 2548 873 2582 cessassem,
897 2535 1073 2587 Pythias,
1539 2541 1566 2578 5

94 2601 217 2641 Domi
235 2614 317 2640 non
337 2600 600 2650 offendissem,
622 2601 678 2640 ita
690 2601 777 2653 jam
797 2601 1009 2641 adornarat
1026 2602 1188 2655 fugam]

95 2668 167 2707 ΡΥ.
208 2667 368 2707 Haben'
387 2667 604 2716 hominem,
627 2668 798 2707 amabo?
872 2669 948 2708 ΡΗ.
980 2669 1131 2713 Quidni
1148 2669 1350 2711 habeam?
1424 2672 1496 2711 ΡΥ.
1529 2673 1566 2711 Ο

198 2744 200 2746 “
255 2735 407 2774 factum
425 2735 528 2774 bene
545 2735 554 2773 !

1622 2512 1649 2674 Qssmw
1635 2421 1651 2494 τ
1646 2382 1648 2386 «
1646 2328 1650 2350 ⁴„
1628 2293 1630 2295 '
1643 2237 1646 2239 >
1644 2018 1663 2150 ..a-„4⁶22

95 2801 219 2841 Doni.
260 2801 369 2841 Istuc
388 2801 455 2856 pol
476 2815 568 2841 vero
586 2802 703 2842 bene.
773 2803 845 2842 ΡΥ.
883 2803 966 2842 Ubi
985 2804 1074 2844 est?
1129 2804 1206 2844 ΡΗ.
1247 2804 1444 2858 Rogitas?
1484 2819 1567 2845 non

257 2868 368 2909 vides
381 2869 397 2908 2
