1670 3080
543 134 701 166 Ac'rtrs
738 134 793 165 11.
865 135 1028 167 SCENA
1065 136 1097 167 1.
1476 123 1537 169 45

75 214 150 254 ΡΗ.
190 216 240 256 In
260 216 334 257 hoc
354 218 531 266 biduum,
554 219 686 268 Thais,
709 219 807 259 vale.
893 220 970 260 ΤΗ.
1012 220 1075 259 Mi
1095 220 1291 270 Phaedria,
1461 226 1537 262 110

71 281 124 320 Et
143 287 187 321 tu
203 296 212 321 :
243 283 438 337 numquid
458 284 516 323 vis
536 284 673 324 aliud?
756 286 831 324 ΡΗ.
871 285 1010 338 Egone
1030 284 1127 338 quid
1144 285 1295 326 veliin?

68 347 170 387 Cum
191 348 317 389 milite
337 349 412 389 isto
429 364 616 404 praesens,
639 351 782 391 absens
801 358 846 391 ut
865 352 939 392 sies
956 366 964 391 :
1000 388 1002 397 ‚

67 413 166 454 Dies
185 421 398 470 noctesque
417 430 482 457 me
502 430 611 457 ames
628 431 636 456 :
666 431 731 457 me
751 418 947 457 desideres
964 432 972 456 :

67 480 137 520 Me
157 482 352 522 somnies:
383 497 448 523 me
469 489 652 537 expectes
669 498 678 523 :
709 483 757 523 de
776 498 841 523 me
861 484 1031 537 cogites:

65 545 136 586 Me
155 561 287 600 speres
303 563 312 587 :
341 563 406 588 me
426 555 464 589 te
484 549 655 590 oblectes
671 564 680 590 :
710 564 868 590 mecum
889 556 971 590 tota
989 550 1041 590 sis
1058 565 1067 590 ε
1455 554 1528 591 115

66 611 184 652 Meus
202 613 266 653 fac
286 614 338 654 sis
357 621 556 668 postremo
575 616 742 664 animus,
765 616 924 669 quando
944 630 1017 669 ego
1037 630 1126 656 sum
1146 622 1248 656 tuus.

63 677 140 717 ΤΗ.
181 679 252 719 Me
270 680 480 720 miseram!
509 672 642 721 forsan
660 695 826 735 parvam
845 682 911 721 hic
929 681 1076 721 habeat
1093 682 1193 723 mihi
1211 682 1343 730 fidem,

6 742 14 748 “
64 747 198 800 Atque
218 761 268 787 ex
285 747 454 788 aliarum
473 749 643 801 ingeniis
662 763 768 789 nunc
789 762 853 788 me
868 749 1034 801 judicet.

61 813 147 866 Ego
167 814 248 867 pol,
270 829 360 868 quae
379 815 478 855 mihi
498 830 586 855 sum
606 816 773 863 conscia,
794 816 870 855 hoc
891 821 997 855 certo
1017 816 1109 863 scio,

60 881 201 934 Neque
221 896 286 922 me
305 883 467 923 finxisse
486 883 575 922 falsi
596 883 820 937 quicquam,
842 896 971 936 neque
992 896 1081 921 meo
1450 886 1525 922 120

60 945 178 985 Cordi
197 960 281 986 esse
300 961 529 1001 quenquam
549 949 740 990 cariorem
759 949 833 988 hoc
855 948 1062 987 Phaedria:

56 1011 108 1051 Et
126 1013 314 1067 quicquid
332 1013 450 1068 hujus
467 1015 556 1063 feci,
579 1030 698 1055 causa
717 1016 882 1068 virginis

57 1078 175 1119 Feci:
204 1093 300 1121 nam
318 1095 383 1121 me
404 1082 488 1136 ejus
508 1096 620 1136 spero
639 1083 803 1122 statrem
821 1082 1108 1136 propemodum

54 1146 80 1185 J
83 1159 148 1186 am
167 1148 396 1201 repperisse,
418 1149 714 1189 adulescentem
734 1149 832 1188 adeo
851 1148 1027 1187 nobilem
1043 1162 1051 1186 :

52 1211 105 1251 Et
122 1213 155 1252 is
175 1227 216 1252 se
235 1213 353 1256 hodie
373 1221 585 1258 venturum
605 1215 656 1255 ad
675 1229 739 1255 me
760 1215 963 1254 constituit
981 1215 1158 1254 domum.
1443 1218 1515 1254 125

50 1279 276 1322 Concedam
293 1281 387 1323 hinc
407 1283 522 1331 intro,
545 1289 662 1336 atque
683 1282 931 1336 exspectabo,
953 1282 1049 1321 dum
1069 1282 1189 1321 venit.

496 1483 672 1527 ACTUS
704 1483 761 1522 ΙΙ.
821 1482 1002 1522 SCENA
1034 1483 1066 1521 Ι.

536 1585 753 1624 PnAEnmA.
812 1585 1030 1624 PARMENo.

43 1683 118 1722 ΡΗ,
161 1683 192 1723 F
193 1698 251 1733 ac,
273 1684 328 1723 ita
346 1691 390 1723 ut
403 1684 514 1737 jussi,
536 1684 783 1724 deducantur
802 1684 877 1723 isti.
965 1685 1036 1723 PA.
1078 1685 1250 1724 Faciam.
1338 1687 1414 1726 ΡΗ.
1454 1689 1510 1726 At

203 1749 425 1803 diligenter.

39 1815 111 1854 ΡΑ.
154 1815 253 1856 Fiet.
325 1816 401 1856 ΡΗ.
435 1817 493 1855 At
511 1821 678 1856 mature.
751 1816 823 1856 ΡΑ.
863 1817 961 1856 Fiet.
1035 1817 1110 1857 ΡΗ.
1147 1818 1280 1858 Satine
1299 1818 1374 1859 hoc
1394 1834 1507 1860 man·

198 1884 386 1924 datum'st
404 1884 475 1924 tibi
490 1885 514 1925 ’.λ
583 1884 655 1925 ΡΑ.
697 1884 791 1924 Ah!

36 1949 254 2002 Rogitare?
281 1950 392 2002 quasi
411 1949 571 1989 difficile
594 1949 655 1989 sit.

34 2017 198 2056 Utinam
218 2022 300 2056 tam
321 2017 473 2069 aliquid
490 2017 669 2057 invenire
688 2016 804 2056 facile
825 2016 961 2069 possis,
985 2016 1180 2066 Phaedria,

34 2083 165 2127 Quam
191 2082 267 2122 hoc
295 2082 450 2136 peribit.
537 2083 614 2122 ΡΗ.
654 2082 740 2134 Ego
771 2095 927 2134 quoque
957 2096 1039 2122 una
1071 2097 1201 2136 pereo,
1224 2085 1330 2136 quod
1358 2085 1414 2123 mi
1444 2092 1502 2124 est

193 2146 343 2187 carius:
1472 2153 1495 2188 5

32 2212 94 2252 Ne
113 2213 211 2254 istuc
231 2219 312 2252 tam
331 2212 466 2265 iniquo
485 2212 635 2265 patiare
655 2212 801 2252 animo.
861 2212 933 2252 ΡΑ.
965 2212 1135 2253 Minime
1154 2227 1162 2251 ε
1194 2213 1290 2265 quin
1311 2213 1496 2254 effectum

193 2280 307 2320 dabo.

30 2347 108 2386 Sed
125 2346 319 2399 numquid
338 2346 447 2386 aliud
465 2346 666 2399 imperas?

29 2413 104 2453 ΡΗ.
143 2414 295 2454 Munus
313 2420 492 2453 nostrum
512 2419 650 2452 ornato
670 2414 810 2462 verbis,
833 2414 940 2466 quod
964 2415 1111 2467 poteris
1129 2428 1138 2454 ;
1169 2421 1208 2454 et
1230 2415 1349 2455 istum
1369 2430 1493 2456 aemu-

188 2480 230 2519 lu

27 2546 142 2591 Quod
159 2494 316 2599 poteriis,
338 2546 388 2585 ab
409 2559 456 2585 ea
473 2545 622 2598 pellito.
709 2546 782 2586 ΡΑ.
822 2531 901 2595 Ah,

26 2614 206 2664 Memini,
241 2614 398 2654 tametsi
424 2614 557 2654 nullus
587 2628 763 2655 moneas.
849 2616 925 2655 ΡΗ.
966 2617 1054 2669 Ego
1081 2630 1147 2658 rus
1173 2617 1250 2667 ibo,
1285 2623 1403 2670 atque
1434 2619 1488 2658 ibi

183 2682 366 2721 manebo.
1437 2687 1486 2723 10

0 2748 96 2789 -ΡΛ,
135 2749 296 2789 Censeo.
373 2749 449 2787 ΡΗ.
489 2748 568 2787 Sed
584 2747 684 2788 heus
702 2754 758 2788 tu.
824 2749 896 2788 ΡΑ.
929 2749 1036 2794 Quid
1056 2750 1140 2791 vis?
1208 2751 1284 2790 ΡΗ.
1317 2751 1484 2790 censen’

182 2829 295 2868 posse
314 2829 378 2855 me
398 2814 607 2855 obfirmare
626 2822 666 2855 et
