1670 3080
486 98 647 132 Acriis
674 99 720 130 V.
791 97 960 131 SCENA
994 98 1110 130 vm.
1450 84 1548 135 217

62 188 140 230 ΡΗ.
181 187 297 228 Itane
317 186 436 240 agitis
455 185 647 226 mecum?
676 185 771 225 satis
791 190 947 226 astute:
977 183 1259 239 aggredimini.
1498 188 1547 228 '75

61 256 156 298 Non
173 255 309 296 hercle·
329 269 381 296 ex
398 269 442 295 re
461 255 576 295 istius
594 269 661 294 me
681 254 892 308 instigasti,
915 253 1134 308 Demipho.

60 323 158 364 Ain'
177 324 252 364 tu?
278 323 360 373 ubi,
382 337 474 376 quae
492 322 665 363 lubitum
683 321 816 372 fuerit,
838 335 1007 376 peregre
1026 321 1180 370 feceris,

61 390 206 445 Neque
223 390 344 446 hujus
363 390 416 430 sis
434 390 585 430 veritus
603 390 768 430 feminae
787 389 1003 444 primariae,
1021 435 1024 441 Ι

61 459 171 505 Quin
190 473 296 500 novo
315 459 437 499 modo
457 459 494 499 ei
511 458 665 499 faceres
685 457 995 507 contumeliam;

58 527 210 568 Venias
229 527 331 568 mihi
349 527 534 582 precibus
552 526 709 566 lautum
729 531 942 580 peccatum
962 525 1108 566 tuum?
1500 527 1553 566 80

60 594 184 635 Hisce
204 608 280 648 ego
298 594 410 634 illam
430 594 548 635 dictis
566 594 624 633 ita
643 594 716 634 tibi
735 594 943 634 incensam
964 594 1080 643 dabo,

56 661 114 701 Ut
132 675 184 702 ne
203 661 442 715 restinguaS,
463 660 653 714 lacrymis
671 660 703 700 si
724 659 999 700 exstillaveris.

54 728 136 768 Da.
178 728 350 778 Malum,
371 729 480 783 quod
497 728 563 768 isti
583 728 639 768 Di
660 728 840 781 Deaeque
859 741 1000 767 omnes
1019 726 1149 767 duint.

54 798 238 838 Tantane
258 797 446 838 affectum
466 811 696 852 quenquam
718 811 801 836 esse
821 796 1029 837 hominem
1048 796 1244 838 audacia?

54 865 150 905 Non
169 865 246 906 hoc
265 865 481 920 publicitus
500 865 629 905 scelus
647 865 742 904 hinc
763 865 1010 919 deportarier
1499 868 1550 907 85

60 933 110 973 In
130 933 234 974 solas
254 935 410 974 terras?
486 934 562 973 Cu.
604 934 655 973 In
675 934 718 974 id
733 934 918 982 redactus
938 948 1028 974 sum
1048 934 1140 984 loci,

56 1002 124 1052 Ut,
147 1002 244 1056 quid
263 1016 394 1056 agam,
417 1016 468 1042 ex
487 1002 556 1042 illo
575 1016 737 1056 prorsus
755 1002 947 1042 nesciam.
1039 1003 1120 1043 De.
1162 1004 1250 1058 Ego
1271 1004 1354 1044 scio
1371 1018 1382 1045 z

57 1069 108 1110 In
121 1069 190 1123 jus
210 1083 361 1110 eamus.
449 1070 526 1109 Pu.
568 1070 619 1109 In
632 1070 732 1123 jus?
759 1070 852 1120 huc,
875 1070 908 1110 si
928 1070 1026 1125 quid
1043 1071 1169 1112 lubet.

55 1137 135 1177 Dn.
175 1137 405 1190 Assequere
424 1151 471 1177 ac
491 1137 633 1187 retine,
655 1138 752 1177 dum
773 1151 848 1192 ego
868 1137 947 1179 huc
967 1153 1102 1179 servos
1121 1153 1258 1180 evoco.

53 1206 131 1246 Cn.
171 1206 293 1246 Enim
314 1205 421 1246 solus
439 1219 597 1259 nequeo
614 1221 623 1246 :
654 1220 816 1247 accurre
836 1206 929 1248 huc.
1007 1208 1084 1248 Pu.
1122 1208 1216 1249 Una
1235 1207 1437 1263 injuria’st
1494 1212 1547 1250 90

53 1275 220 1316 Tecum.
280 1276 356 1315 Cn.
398 1275 508 1329 Lege
529 1276 637 1329 agito
657 1290 765 1329 ergo.
825 1276 903 1316 Pu.
946 1276 1087 1317 Altera
1107 1285 1168 1317 est
1187 1283 1334 1326 tecum,
1358 1277 1544 1318 Chreme.

55 1344 136 1384 Dn.
177 1344 290 1398 Rape
310 1343 432 1384 hunc.
520 1345 597 1384 Pu.
635 1344 741 1384 Itan'
762 1344 909 1398 agitis?
939 1344 1147 1385 enimvero
1166 1345 1318 1385 voce’st
1337 1359 1437 1399 opus
1455 1361 1463 1385 :

56 1411 321 1461 Nausistrata,
342 1403 437 1451 exij
482 1412 557 1452 Cn.
599 1413 656 1452 Os
676 1413 869 1466 opprime.
929 1413 1009 1453 DE.
1051 1414 1265 1468 Impurum
1284 1413 1390 1463 vide,

55 1481 264 1527 Quantum
283 1480 402 1520 valet.
490 1481 567 1520 Pu.
604 1480 868 1530 Nausistrata,
890 1481 1070 1534 inquam.
1158 1482 1235 1522 Cu.
1275 1482 1372 1522 Non
1391 1482 1532 1522 taces?

57 1548 135 1589 Pa.
171 1549 377 1589 Taceam?
433 1549 513 1589 DE.
555 1549 645 1588 Nisi
665 1549 854 1603 sequitur,
875 1563 1035 1603 pugnos
1054 1549 1096 1589 in
1118 1556 1301 1590 ventrem
1321 1550 1472 1605 ingere.
1496 1552 1548 1592 95

60 1615 137 1658 ΡΗ.
178 1615 257 1656 Vel
275 1615 437 1656 oculum
458 1615 626 1670 exculpe
642 1630 651 1656 :
683 1621 753 1666 est,
775 1616 845 1656 ubi
864 1630 935 1656 vos
954 1616 1125 1657 ulciscar
1143 1618 1280 1672 probe.

475 1819 655 1859 ACTUS
686 1819 738 1860 V.
798 1819 983 1860 SCENA
1014 1820 1141 1861 VIII.

231 1923 547 1963 NAus1srnArA.
608 1923 826 1963 Cannas.
886 1923 1102 1964 Pnonmo.
1161 1924 1382 1966 Dssmrno.

58 2029 100 2069 N
103 2043 140 2070 A.
180 2029 281 2074 Quis
301 2028 485 2069 nominat
502 2029 598 2069 me?
666 2029 742 2069 Cu.
784 2028 920 2069 Hem!
992 2029 1075 2070 NA.
1116 2030 1226 2076 Quid
1245 2030 1348 2072 istuc
1369 2031 1553 2073 turbae'st

221 2098 397 2147 obsecr0‚

57 2162 121 2205 Mi
148 2164 239 2205 vir?
322 2165 400 2204 ΡΗ.
441 2163 594 2204 Ehem!
626 2164 724 2219 quid
750 2178 860 2205 nunc
890 2165 1160 2220 obstupuisti?
1244 2166 1327 2206 NA.
1368 2166 1450 2212 Qui
1481 2164 1548 2208 hic

219 2233 393 2273 horno'st
406 2234 423 2273 ’ἰ
1407 2220 1428 2248 ⁰

57 2301 153 2342 Non
172 2302 273 2342 mihi
291 2302 540 2356 respondes?
623 2302 702 2342 ΡΗ.
744 2302 918 2342 Hiccine
937 2308 984 2342 ut
1002 2302 1075 2343 tibi
1093 2303 1366 2357 respondeat?

57 2371 138 2416 Qui
154 2370 302 2420 hercle,
322 2371 393 2410 ubi
412 2371 475 2420 sit,
497 2370 638 2410 nescit.
698 2371 774 2410 Cn.
815 2371 922 2418 Cave
942 2370 1007 2410 isti
1028 2371 1246 2425 quicquam
1266 2370 1446 2412 creduas.

57 2438 134 2479 ΡΗ.
175 2439 268 2488 Abi,
291 2445 437 2492 tange:
468 2439 502 2479 si
520 2453 604 2479 non
624 2444 731 2479 totus
750 2439 882 2492 friget,
903 2453 970 2479 me
991 2440 1118 2479 enica.
1521 2443 1546 2480 5

58 2507 134 2547 Cn.
165 2507 281 2547 Nihil
300 2514 370 2548 est.
430 2508 512 2548 NA.
544 2507 654 2553 Quid
674 2521 770 2562 ergo
791 2513 863 2557 est,
886 2508 995 2561 quod
1016 2508 1104 2548 istic
1125 2508 1290 2549 narrat?
1345 2509 1424 2550 Pu.
1455 2509 1482 2550 J
1485 2523 1550 2549 am

220 2588 343 2615 scies:

58 2639 266 2681 Ausculta.
353 2642 430 2682 Cn.
471 2641 634 2695 Pergin’
655 2643 847 2683 credere?
932 2643 1014 2683 NA.
1057 2644 1167 2690 Quid
1188 2658 1275 2698 ego,
1297 2645 1474 2696 obsecro,

58 2707 168 2749 Huic
188 2710 363 2760 credam,
385 2711 455 2764 qui
474 2710 534 2750 nil
553 2711 679 2751 dixit?
763 2712 840 2751 Pu.
873 2711 1031 2752 Delirat
1048 2713 1171 2752 miser
1539 2707 1544 2710 ²

57 2777 232 2818 Timore.
317 2779 399 2819 NA.
439 2780 535 2820 Non
555 2780 624 2834 pol
643 2781 858 2830 temere’st,
881 2782 989 2834 quod
1007 2787 1053 2821 tu
1071 2787 1155 2821 tam
1176 2782 1306 2822 times.

59 2845 134 2884 Cn.
176 2844 304 2899 Egon’
325 2846 476 2887 timeo?
570 2847 647 2887 Pu.
687 2848 815 2888 Recte
835 2862 931 2889 sane
949 2863 958 2888 z
989 2849 1151 2903 quando
1171 2849 1229 2889 nil
1250 2849 1380 2899 times,
1498 2852 1548 2890 10

791 2930 814 2955 L
