1670 3080
467 90 626 122 Ac'rus
663 88 718 120 11.
791 87 955 120 SCENA
982 86 1059 118 111.
1426 71 1520 120 197

48 181 128 221 ΒΕ.
167 181 306 234 Egone
326 184 460 219 autem
479 178 620 218 tento?
677 178 756 217 Gn.
796 176 963 230 Stilpho.
1031 175 1109 214 Pu.
1150 174 1285 229 Atque
1305 174 1407 215 adeo
1427 176 1524 229 quid

208 261 299 287 mea
312 249 328 286 ’.θ

47 313 263 368 Stilpho’st.
350 314 428 353 DE.
487 314 619 358 Quem
666 311 794 352 dixti?
894 311 969 350 Pu.
1029 309 1291 364 Stilphonem,
1341 310 1519 363 inquam,

207 393 387 419 noveras.

46 448 126 488 Dn-
165 447 308 500 Neque
329 460 403 499 ego
423 445 535 485 illum
556 459 708 493 noram,
729 457 860 496 neque
881 443 937 482 mi
959 447 1152 496 cognatus
1171 442 1249 481 fuit

46 514 268 566 Quisquam
285 513 383 552 istoc
403 512 577 551 nomine.
665 511 741 550 ΡΗ.
787 510 933 548 Itane?
960 522 1042 548 non
1063 514 1101 548 te
1121 507 1264 548 horum
1285 507 1437 562 pudet?
1469 510 1523 548 45

46 580 104 619 At
122 580 155 619 si
174 579 369 618 talentum
388 592 474 618 rem
493 578 716 631 reliquisset
735 577 932 616 decem——

45 647 127 687 De.
168 647 222 686 Di
242 647 314 686 tibi
331 646 600 686 malefaciant.
687 646 764 684 Ρη.
806 645 966 684 Primus
987 657 1091 683 esses
1110 642 1342 682 memoriter

47 714 287 767 Progeniem
306 720 479 754 vostram
498 727 623 766 usque
644 713 694 752 ab
715 726 790 752 avo
810 717 929 766 atque
950 718 1066 751 atavo
1086 711 1303 764 proferens.

48 781 125 820 Dn.
166 781 241 829 Im,
262 786 307 820 ut
326 780 448 820 dicis:
479 794 554 833 ego
574 787 660 819 tum
681 793 773 819 cum
793 779 1058 828 advenissem,
1081 779 1150 832 qui
1170 777 1274 818 mihi

46 847 226 900 Cognata
244 860 293 886 ea
311 853 424 895 esset,
446 847 619 886 dicerem
635 861 643 884 :
674 847 814 886 itidem
834 852 878 885 tu
896 846 1007 885 sace:
1467 846 1522 884 50

46 914 154 954 Cedo
173 913 242 967 qui
261 919 321 953 est
339 914 535 965 cognata?
620 914 699 952 GE.
741 913 804 952 Eu
823 913 976 952 noster!
1007 917 1138 953 recte:
1168 911 1268 952 heus
1289 911 1356 951 tu!
1387 924 1496 951 cave.

48 982 123 1021 Pu.
163 980 349 1021 Dilucide
370 981 567 1034 expedivi,
590 981 732 1033 quibus
752 995 816 1020 me
837 981 1013 1034 oportuit

45 1050 68 1090 J
75 1049 256 1089 udicibus
273 1063 281 1088 :
312 1055 398 1088 tum
418 1049 460 1089 id
478 1049 511 1088 si
530 1049 676 1088 falsum
696 1050 837 1098 fuerat,
860 1048 964 1088 filius

45 1117 128 1157 Cur
145 1129 227 1156 non
246 1115 420 1156 refellit?
504 1116 582 1155 DE.
623 1115 770 1155 Filium
790 1129 929 1155 narras
948 1115 1079 1154 mihi?

45 1183 169 1237 Cujus
187 1183 238 1223 de
255 1183 424 1223 stultitia
443 1183 534 1230 dici,
554 1189 599 1222 ut
618 1183 848 1236 dignum'st,
869 1197 951 1222 non
971 1189 1112 1237 potest.
1473 1184 1526 1222 55

48 1252 124 1291 Pu.
167 1251 223 1291 At
241 1257 296 1299 tu,
319 1251 387 1304 qui
407 1251 564 1304 sapiens
584 1264 638 1299 eS,
659 1250 917 1303 magistratus
938 1251 1025 1298 adi;

47 1318 252 1359 Judicium
273 1319 322 1358 de
342 1318 490 1361 eadem,
503 1331 622 1357 causa
641 1318 786 1357 iterum
807 1324 853 1357 ut
871 1318 1042 1358 reddant
1059 1318 1132 1357 tibi
1148 1332 1158 1358 z

47 1385 382 1438 Quandoquidem
403 1384 508 1424 solus
528 1398 669 1437 regnas
685 1415 695 1432 ,
726 1390 766 1424 et
785 1385 857 1424 soli
877 1385 970 1425 licet

48 1453 130 1494 Hic
150 1453 199 1493 de
220 1453 361 1492 eadem
381 1466 500 1492 causa
517 1452 578 1492 bis
590 1453 788 1504 judicium
809 1453 986 1505 apiscier.

49 1521 130 1560 De.
171 1519 255 1560 Etsi
275 1518 374 1558 mihi
394 1519 499 1558 facta
519 1519 735 1571 injuria'st;
766 1532 907 1558 verum
926 1524 1063 1558 tamen
1475 1521 1529 1558 60

51 1588 188 1628 Potius
208 1601 328 1640 quam
347 1586 438 1626 lites
458 1594 595 1635 secter,
616 1592 687 1626 aut
707 1600 827 1639 quam
848 1592 886 1624 te
906 1586 1079 1634 audiam,

51 1654 199 1694 Itidem
218 1658 263 1693 ut
282 1659 455 1706 cognata
474 1653 507 1692 si
525 1653 586 1700 sit,
607 1653 649 1693 id
669 1653 776 1706 quod
793 1653 860 1692 lex
874 1652 990 1704 jubet

50 1722 200 1762 Dotem
220 1721 326 1768 dare,
347 1721 499 1760 abduce
518 1719 636 1768 hanc,
658 1720 788 1758 minas
809 1720 983 1772 quinque
1004 1719 1153 1773 accipe.

51 1788 129 1828 Pu,
180 1788 260 1837 Ha,
292 1787 357 1836 ha,
385 1786 450 1827 hae
467 1786 476 1826 !
516 1786 638 1826 homo
671 1786 802 1825 suavis
819 1786 828 1825 Ξ
914 1786 994 1825 ΒΕ.
1035 1785 1173 1831 Quid?
1206 1799 1305 1825 num
1346 1785 1528 1839 iniquom

214 1855 369 1910 postulo
381 1857 398 1895 ’ἰ

52 1925 120 1964 An
140 1937 191 1963 ne
211 1923 287 1963 hoc
307 1923 470 1976 quidem
490 1936 565 1975 ego
585 1922 791 1975 adipiscar,
814 1910 1001 1975 quodjus
1019 1921 1304 1976 publicum’st?
1476 1925 1526 1963 65

53 1991 129 2031 ΡΗ.
171 1991 275 2030 Itan'
295 1989 469 2038 tandem,
492 2003 639 2043 quoeso,
661 1990 770 2038 item,
792 1996 836 2029 ut
854 1990 1108 2030 meretricem
1126 1990 1196 2030 ubi
1216 1990 1361 2030 abusus
1380 1990 1444 2039 sis,

53 2057 287 2098 Mercedem
305 2057 400 2098 dare
419 2057 487 2098 lex
501 2057 617 2110 jubet
637 2057 673 2097 ei
693 2062 812 2110 atque
833 2057 1046 2097 amittere?

54 2126 134 2175 An,
153 2130 200 2164 ut
216 2139 268 2165 ne
289 2125 385 2178 quid
403 2125 500 2166 civis
519 2131 634 2178 turpe
652 2125 695 2164 in
715 2138 799 2164 sese
819 2125 1048 2164 admitteret

55 2193 221 2247 Propter
239 2198 468 2247 egestatem,
488 2206 685 2247 proxumo
698 2192 861 2246 jussa'st
880 2192 990 2241 dari;

53 2260 111 2300 Ut
129 2274 221 2300 cum
239 2274 321 2300 uno
340 2266 501 2300 aetatem
520 2260 712 2313 degeret?
739 2260 845 2313 quod
864 2265 907 2299 tu
926 2265 1049 2315 vetas.
1478 2260 1528 2301 70

55 2327 134 2368 ΒΕ.
175 2328 251 2376 Ita,
294 2341 491 2381 proxumo
520 2328 706 2381 quidem:
749 2332 791 2367 at
825 2340 898 2366 nos
936 2326 1075 2366 unde?
1116 2331 1186 2366 aut
1213 2327 1530 2379 quamobrem—-

217 2395 294 2435 Pu.
335 2395 449 2435 Ohe!
613 2400 617 2402 ⁴

56 2462 218 2510 Actum,
240 2461 362 2511 aiunt,
385 2475 435 2501 ne
455 2475 562 2514 agas.
649 2462 728 2501 De.
770 2461 864 2501 Non
884 2461 1033 2514 agam?
1061 2460 1185 2501 immo
1203 2460 1314 2500 haud
1332 2461 1525 2510 desinam,

56 2527 196 2567 Donec
214 2527 417 2580 perfecero
435 2526 524 2566 hoc.
610 2527 687 2566 Pu.
731 2527 896 2580 Ineptis.
983 2527 1062 2567 DE.
1109 2526 1202 2566 Sine
1223 2527 1355 2567 modo.

58 2593 135 2633 Pu.
173 2594 378 2634 Postremo
398 2599 530 2634 tecum
550 2593 607 2633 nil
627 2594 684 2633 rei
704 2594 828 2642 nobis,
853 2593 1067 2647 Demipho,
1090 2599 1171 2633 est:

57 2659 167 2699 Tuus
185 2666 246 2699 est
263 2660 476 2700 damnatus
494 2666 650 2713 gnatus,
672 2674 753 2700 non
774 2666 818 2699 tu
834 2674 842 2699 ε
873 2674 969 2700 nam
989 2665 1058 2700 tua
1476 2661 1524 2701 75

60 2725 307 2766 Praeterierat
318 2727 406 2780 jam
425 2729 477 2768 ad
494 2727 721 2768 ducendum
741 2733 848 2767 aetas.
934 2727 1014 2768 De.
1056 2727 1204 2768 Omnia
1222 2727 1310 2768 haec

64 2790 183 2832 Illum
201 2799 349 2847 putam,
371 2809 461 2848 quae
481 2809 555 2849 ego
575 2809 683 2835 nunc
703 2795 805 2844 dico,
827 2794 980 2834 dicere:

8 2975 314 3017 ’ζ”ἦῖῑίκωμζ
372 2987 706 3015 [.,(.;,ε-.,«,
750 2966 899 3005 »ἢῆ-Λ
