1670 3080
526 267 704 307 ACTUS
752 265 827 306 lv.
915 266 1096 305 SCENA
1141 265 1199 306 11.

543 369 710 409 Dsum.
757 369 976 408 Crssrsno.
1022 368 1168 407 SYRus.

123 472 203 513 ΠΕ,
242 473 319 512 Nae
353 485 427 525 ego
454 471 574 511 homo
599 469 765 510 infelix!
804 468 979 522 primum
1006 468 1169 508 fratrem
1200 482 1397 523 nusquam
1425 471 1587 512 invenio

283 539 466 593 gentium
483 553 491 578 :

124 605 320 646 Praeterea
338 611 484 654 autem,
506 605 602 644 dum
621 603 734 643 illum
754 615 900 655 quaere,
922 617 946 642 a
964 602 1059 642 villa
1078 604 1368 644 mercenarium

124 673 218 713 Vidi
235 688 244 712 z
273 673 307 713 is
326 673 453 713 filium
472 677 593 724 negat
612 685 694 711 esse
713 670 796 710 ruri
813 684 822 709 ε
852 684 927 710 nec
948 670 1044 722 quid
1063 683 1182 723 agam
1202 671 1294 710 scio.

123 739 192 778 Cr.
233 739 342 792 Syre.
419 739 486 778 Sr.
526 736 633 781 Quid
652 736 739 775 est?
813 735 882 774 Cr.
923 735 1035 775 Men’
1056 735 1226 788 quaerit?
1309 737 1376 776 ΒΥ.
1419 737 1584 777 Verum.

284 806 353 845 Cr.
394 805 510 845 Perii.
596 804 663 843 Sr.
703 802 811 847 Quin
830 808 875 843 tu
892 803 999 842 bono
1018 803 1153 843 animo
1173 817 1227 843 es.

122 871 200 911 Dz.
240 871 347 916 Quid
364 871 452 920 hoc,
473 870 636 917 malum,
656 868 927 908 infelicitatis?
954 882 1109 922 nequeo
1128 869 1221 908 satis
1241 869 1476 910 decernere:
1559 875 1582 910 5

121 937 210 976 Nisi
228 950 293 976 me
313 936 431 976 credo
449 935 542 975 huic
563 948 645 975 esse
665 939 805 974 natum
824 933 893 982 rei,
914 934 1091 973 ferundis
1110 935 1290 975 miseriis.

121 1003 276 1043 Primus
295 1003 422 1044 sentio
441 1002 548 1042 mala
566 1006 701 1059 nostra
717 1015 725 1040 :
755 1001 907 1054 primus
925 1001 1093 1041 rescisco
1113 1002 1248 1042 omnia
1265 1017 1274 1041 :

123 1071 281 1110 Primus
298 1083 415 1124 porro
435 1069 648 1111 obnuntio:
679 1082 785 1121 aegre
805 1068 921 1118 solus,
943 1069 976 1108 si
995 1069 1091 1121 quid
1109 1069 1166 1118 fit,
1187 1070 1284 1108 fero.

120 1139 187 1177 SY.
223 1138 350 1178 Rideo
369 1137 476 1178 hunc
493 1151 502 1176 :
532 1150 573 1176 se
593 1136 768 1189 primum
787 1135 843 1175 ait
861 1135 960 1175 scire
979 1150 987 1174 :
1017 1136 1050 1175 is
1071 1135 1176 1175 solus
1195 1137 1323 1176 nescit
1340 1138 1486 1176 omnia.

116 1202 198 1245 DE.
239 1203 358 1243 Nunc
377 1203 495 1243 redeo
511 1217 520 1242 ε
550 1202 583 1242 si
601 1203 702 1242 forte
721 1202 844 1241 frater
862 1201 1034 1250 redierit,
1056 1202 1151 1242 viso,
1236 1203 1306 1242 Cr.
1346 1204 1455 1256 Syre,
1535 1206 1583 1243 10

119 1270 305 1319 Obsecro,
329 1270 430 1320 vide,
452 1283 503 1309 ne
516 1268 583 1309 ille
601 1268 679 1308 huc
699 1281 858 1321 prorsus
877 1281 918 1306 se
938 1268 1073 1307 irruat.
1160 1269 1226 1307 SY.
1268 1269 1401 1309 Etiam
1422 1271 1558 1309 taces?

119 1334 206 1388 Ego
235 1335 393 1374 cavebo.
479 1335 549 1374 Cr.
589 1334 808 1386 Nunquam
836 1332 968 1372 hercle
984 1332 1102 1372 hodie
1122 1346 1196 1386 ego
1216 1333 1315 1372 istuc
1336 1335 1582 1374 committam

280 1401 348 1440 tibi
368 1415 376 1439 :

118 1468 226 1507 Nam
255 1481 321 1507 me
354 1467 396 1507 in
428 1466 613 1509 cellulam
647 1465 821 1519 aliquam
852 1479 944 1505 cum
973 1465 1042 1504 illa
1072 1465 1333 1506 concludam:
1363 1467 1405 1506 id
1439 1467 1582 1507 tutissi-

279 1533 452 1573 mum’st.

118 1603 185 1642 St.
220 1603 322 1655 Age,
344 1607 479 1642 tamen
500 1613 574 1654 ego
593 1599 701 1639 hunc
720 1600 924 1639 amovebo.
984 1599 1061 1639 Dz.
1094 1600 1172 1640 Sed
1190 1614 1329 1640 eccum
1349 1601 1582 1642 sceleratum

280 1668 306 1706 S
427 1696 436 1706 .

118 1736 183 1775 Sr.
233 1681 497 1774 Nomi-cle
533 1733 598 1774 hic
639 1733 802 1786 quidem
838 1732 1052 1786 perdurare
1090 1733 1312 1786 quisquam,
1361 1735 1394 1774 si
1431 1735 1486 1774 sic
1525 1735 1580 1784 fit,

276 1808 418 1856 potest.
1533 1805 1580 1842 15

117 1869 224 1908 Scire
244 1868 428 1922 equidem
448 1867 549 1917 volo,
571 1874 667 1921 quot
684 1867 784 1906 mihi
803 1867 882 1906 sint
901 1867 1052 1907 domini
1069 1882 1077 1907 :
1106 1882 1195 1922 quae
1214 1867 1301 1907 haec
1322 1875 1382 1908 est
1399 1870 1584 1909 miseria?

115 1935 195 1975 De.
234 1935 342 1981 Quid
367 1935 436 1975 ine
465 1935 638 1988 gannit?
666 1934 763 1988 quid
781 1933 892 1973 volt?
920 1934 1016 1988 quid
1040 1936 1109 1983 ais,
1137 1935 1240 1975 bone
1259 1935 1349 1974 vir?
1376 1943 1435 1975 est
1463 1937 1584 1976 frater

275 2002 383 2044 domi
396 2003 413 2042 ?

114 2073 181 2112 Sr.
221 2071 340 2121 Quid,
379 2071 545 2120 malum,
588 2074 611 2093 “
628 2071 730 2110 bone
768 2069 861 2108 vir'’
899 2068 999 2108 mihi
1036 2070 1202 2109 narras?
1248 2070 1433 2123 equidem
1470 2072 1580 2124 perii.

276 2139 355 2178 Dn.
395 2139 503 2183 Quid
521 2137 593 2177 tibi
612 2138 700 2177 est?

114 2206 180 2244 Sr.
221 2205 416 2258 Rogitas?
446 2203 638 2258 Ctesipho
658 2217 722 2243 me
742 2203 887 2257 pugnis
906 2203 1108 2252 miserum,
1130 2209 1170 2243 et
1188 2204 1306 2244 istam
1324 2204 1528 2258 psaltriam

112 2271 248 2324 Usque
274 2270 430 2310 occidit.
516 2270 595 2309 Ds.
636 2269 757 2318 Hem,
780 2269 876 2322 quid
903 2270 1070 2309 narras?
1154 2271 1220 2309 Sr.
1261 2270 1383 2320 Hem,
1405 2271 1506 2319 vide,
1539 2279 1583 2311 ut

275 2338 434 2378 discidit
451 2337 620 2376 labrum.
1530 2342 1581 2378 20

114 2402 192 2444 Du.
233 2404 532 2449 Quamobrem?
616 2404 682 2442 Sy,
723 2402 793 2442 Me
832 2402 1046 2455 impulsore
1083 2402 1187 2443 hanc
1221 2410 1368 2444 emtam
1402 2418 1485 2445 esse
1515 2406 1570 2445 ait

276 2472 356 2511 Dr..
395 2471 490 2510 Non
510 2476 553 2509 tu
573 2484 664 2509 eum
684 2484 749 2509 rus
768 2469 861 2508 hinc
881 2469 1000 2509 modo

115 2539 298 2579 Produxe
318 2539 456 2579 aibas?
540 2539 605 2577 Sr.
647 2538 814 2576 Factum
833 2551 840 2576 :
872 2551 1011 2576 verum
1030 2538 1141 2577 venit
1158 2544 1248 2591 post
1265 2539 1485 2580 insaniens:

117 2606 187 2646 Nil
205 2606 405 2660 pepercit:
436 2619 517 2645 non
538 2605 726 2658 puduisse
750 2605 957 2644 verberare
977 2605 1182 2645 hominem
1202 2608 1368 2646 senem?

116 2675 248 2718 Quem
267 2688 353 2727 ego,
374 2687 544 2727 puerum
563 2673 681 2712 modo
701 2672 912 2721 tantillum,
933 2673 975 2711 in
994 2673 1178 2712 manibus
1198 2674 1351 2726 gestavi
1370 2675 1499 2713 meis?

118 2741 196 2780 Da.
236 2741 399 2781 Laudo:
432 2741 468 2780 Ο
490 2739 687 2793 Ctesipho,
709 2739 921 2792 patrissas:
952 2739 1027 2788 abi,
1050 2739 1179 2779 virum
1199 2746 1237 2779 te
1251 2740 1400 2793 judico.
1531 2744 1582 2780 25

121 2807 187 2846 Sur.
228 2807 414 2847 Laudas?
441 2821 506 2847 nae
524 2806 590 2846 ille
611 2806 828 2846 continebit
846 2806 1021 2859 posthac,
1045 2807 1076 2846 si
1096 2807 1232 2861 sapiet,
1255 2821 1410 2847 manuS.
