1670 3080
149 112 243 161 166
746 129 971 160 HECYRA.

138 215 332 256 Maxume
352 215 442 255 volo
461 215 590 268 doque
609 229 783 268 operam,
805 220 851 254 ut
869 215 973 255 clam
994 215 1152 254 eveniat
1169 220 1306 268 partus
1323 221 1492 268 patrem,

135 284 270 335 Atque
290 283 390 322 adeo
410 297 550 322 omnes
567 297 576 322 :
606 283 675 322 sed
694 283 726 322 si
745 283 787 322 id
806 283 891 322 fieri
911 297 991 322 non
1011 287 1152 335 potest,
1175 283 1272 335 quin
1291 278 1477 332 sentiant,

134 349 280 389 Dicam
301 351 484 390 abortum
504 364 611 389 esse:
642 350 734 399 scio,
756 350 910 390 nemini
930 350 1043 389 aliter
1062 358 1289 402 suspectum
1307 350 1404 398 fore,

135 417 255 464 Quin,
279 417 386 469 quod
405 417 619 456 verisimile
639 423 709 465 est,
732 431 782 456 ex
801 422 840 456 te
859 422 965 456 recte
987 431 1079 456 eum
1099 422 1239 456 natum
1258 422 1413 470 putent.

135 486 333 526 Continuo
354 492 599 539 exponetur:
629 485 693 525 hic
715 486 786 525 tibi
805 485 904 524 nihil
925 491 983 524 est
1003 485 1216 538 quicquam
1236 484 1503 524 incommodi:
1551 486 1606 524 40

133 553 187 592 Et
205 552 264 591 illi
283 553 439 592 miserae
459 553 622 606 indigne
642 553 789 606 factam
808 553 994 605 injuriam
1016 551 1278 591 contexeris.”

135 618 337 658 Pollicitus
358 633 446 658 sum
462 634 471 668 ;
504 625 544 658 et
563 633 719 659 servare
739 619 782 658 in
803 634 850 658 eo
872 618 1091 666 certum’st,
1115 618 1221 671 quod
1241 618 1336 666 dixi,
1358 617 1493 658 fidem.

132 684 241 724 Nam
262 686 310 725 de
330 686 594 735 redducenda,
615 686 657 725 id
676 700 770 725 vero
789 700 841 726 ne
860 687 1040 739 utiquam
1060 685 1272 724 honestum
1293 698 1376 724 esse
1396 685 1563 725 arbitror
1579 699 1588 724 ε

133 752 221 792 Nec
240 753 385 792 faciam
401 767 409 792 ε
440 753 513 792 etsi
532 767 644 792 amor
662 767 727 792 me
746 754 922 806 graviter
942 753 1263 805 consuetudoque
1283 752 1367 806 eJus
1386 757 1507 792 tenet.

134 819 344 873 Lacrymo,
368 835 457 873 quae
476 820 642 873 posthac
662 820 846 860 futura’st
865 820 958 868 vita,
981 834 1073 859 cum
1092 820 1134 858 in
1154 824 1332 859 mentem
1351 819 1474 868 venit,
1498 843 1503 847 -
1550 821 1603 859 45

133 887 394 940 Solitudoque
413 902 421 926 :
455 889 490 926 Ο
510 888 681 936 fortuna,
703 892 749 926 ut
766 901 973 940 nunquam
993 893 1186 940 perpetua
1203 901 1243 926 es
1263 886 1366 926 data.

134 955 213 994 Sed
225 954 312 1007 jam
330 955 438 1007 prior
458 969 569 994 amor
589 969 653 994 me
674 955 725 994 ad
744 954 848 994 hanc
868 968 953 993 rem
976 955 1236 994 exercitatum
1255 953 1439 993 reddidit.

134 1022 224 1066 Quo
244 1035 318 1074 ego
339 1035 432 1060 eum
452 1021 617 1061 consilio
637 1021 802 1061 missum
821 1021 909 1069 feci,
933 1021 1073 1060 eodem
1093 1020 1186 1060 huic
1206 1034 1368 1074 operam
1387 1020 1502 1060 dabo.

134 1089 262 1128 Adest
283 1088 480 1127 Parmeno
500 1102 592 1127 cum
611 1088 743 1141 pueris
760 1103 768 1127 :
798 1088 905 1127 hunc
925 1088 1142 1127 minime’st
1161 1102 1259 1141 opus
1471 1142 1472 1145 Ἴ

135 1155 185 1194 In
203 1154 279 1194 hac
299 1169 341 1194 re
361 1155 498 1194 adesse
516 1169 524 1194 :
555 1169 651 1194 nam
671 1155 766 1194 olim
786 1155 858 1194 soli
878 1155 1039 1203 credidi,
1551 1158 1605 1195 50

134 1223 194 1262 Ea
213 1236 278 1261 me
301 1222 535 1262 abstinuisse
555 1223 597 1261 in
616 1223 825 1276 principio,
848 1237 940 1262 cum
960 1223 1053 1262 data
1071 1229 1130 1262 est
1149 1237 1155 1259 t

134 1289 296 1338 Vereor,
319 1290 351 1328 si
371 1289 586 1328 clamorem
606 1289 690 1342 ejus
708 1289 775 1328 hie
795 1290 930 1328 crebro
951 1290 1148 1338 exaudiat,

135 1357 198 1395 Ne
218 1357 412 1410 parturire
431 1356 629 1410 intelligat
645 1371 653 1396 ε
684 1357 816 1410 aliquo
835 1357 935 1396 mihi
955 1364 1014 1396 est

135 1423 245 1464 Hinc
266 1424 523 1477 ablegandus,
544 1425 641 1464 dum
659 1424 764 1477 parit
783 1424 1032 1464 Philumena.

545 1679 722 1719 ACTUS
754 1679 836 1720 111.
896 1680 1078 1720 SCENA
1108 1681 1182 1721 lv.

474 1783 695 1822 PARMENO.
783 1784 916 1823 Sosm.
1003 1785 1261 1826 Pmrmnus.

133 1887 234 1925 PAR.
276 1885 370 1924 Ain’
392 1891 445 1933 tu,
468 1885 540 1924 tibi
557 1884 632 1924 hoc
652 1885 953 1925 incommodum
977 1887 1154 1927 evenisse
1172 1887 1276 1928 iter?

134 1954 198 1991 So.
239 1952 333 1990 Non
353 1950 487 1990 hercle
509 1951 649 1999 verbis,
674 1951 882 2000 Parmeno,
904 1952 982 1991 dici
1001 1959 1130 2005 potest

133 2020 318 2066 Tantum,
341 2031 461 2070 quam
480 2032 523 2056 re
543 2018 630 2070 ipsa
649 2018 837 2070 navigare
857 2019 1217 2061 incommodum'st.

133 2087 234 2126 PAR.
275 2086 389 2125 Itane
410 2086 496 2124 est?
579 2086 644 2124 So.
686 2086 722 2124 O
741 2086 950 2134 fortunate,
973 2087 1100 2126 nescis
1119 2087 1214 2140 quid
1232 2088 1327 2128 mali

135 2153 388 2201 Praeterieris,
412 2153 479 2205 qui
498 2166 706 2205 nunquam
727 2166 767 2191 es
787 2153 986 2205 ingressus
1005 2168 1127 2194 mare.
1573 2160 1597 2198 5

137 2221 245 2260 Nam
265 2219 361 2258 alias
379 2224 424 2258 ut
443 2218 600 2257 mittam
619 2218 808 2266 miserias,
831 2231 954 2258 unam
973 2219 1078 2259 hanc
1097 2220 1187 2261 vide
1204 2236 1213 2259 ι

133 2288 231 2327 Dies
250 2286 413 2338 triginta
431 2291 500 2324 aut
517 2284 606 2338 plus
626 2298 672 2323 eo
692 2285 734 2323 in
753 2285 846 2323 navi
866 2285 935 2334 fui,

135 2355 236 2394 Cum
255 2354 407 2392 interea
426 2365 583 2404 semper
600 2357 770 2391 mortem
791 2354 1068 2405 exspectabam
1087 2356 1209 2395 miser
1225 2387 1234 2395 .

135 2423 199 2462 Ita
217 2434 341 2473 usque
361 2419 526 2458 advorsa
545 2424 779 2471 tempestate
798 2419 859 2459 usi
879 2433 1026 2460 sumus.
1567 2465 1571 2468 Δ

134 2490 234 2528 PAR.
276 2486 480 2527 Odiosum.
571 2486 636 2524 So.
680 2485 802 2525 Haud
822 2486 924 2526 clam
944 2502 1008 2528 me
1029 2497 1109 2528 est:
1140 2490 1315 2545 denique
1334 2491 1466 2534 hercle
1484 2493 1598 2534 aufu-

295 2553 423 2607 gerim
1546 2564 1598 2602 10

135 2621 281 2670 Potius,
304 2633 424 2673 quam
443 2619 615 2667 redeam,
637 2619 669 2658 si
689 2632 736 2658 eo
756 2620 813 2660 mi
831 2621 1079 2663 redeundum
1100 2625 1233 2666 sciam.
1540 2630 1544 2634 '

134 2691 234 2730 PAR.
275 2687 382 2727 Olim
402 2686 563 2740 quidem
582 2691 620 2725 te
641 2699 769 2726 causae
788 2687 1047 2740 impellebant
1064 2689 1182 2737 leves.

133 2757 251 2802 Quod
269 2768 376 2794 nunc
395 2753 580 2793 minitare
598 2753 740 2802 facere,
762 2760 807 2795 ut
824 2755 985 2806 faceres,
1009 2757 1130 2799 Sosia.

136 2825 214 2866 Sed
234 2821 488 2876 Pamphilum
506 2821 638 2875 ipsum
657 2821 774 2862 video
794 2828 896 2865 stare
915 2829 1008 2864 ante
1027 2825 1197 2867 ostium:

1647 2759 1670 3080 mfflffl—mae
1659 2739 1670 2753 »ι
1656 2701 1670 2732 ,ὼε-ι.
1663 2684 1670 2696 ».
1661 2633 1670 2677 nnn:
1663 2575 1670 2588 ι.
1667 2519 1670 2526 ,,
