1670 3080
482 260 658 302 ACTUS
689 261 771 303 ΙΙΙ.
830 260 1014 301 SCENA
1042 259 1127 301 111.

672 365 933 404 nummus,

66 466 233 520 Nequeo
251 479 433 506 mearum
451 454 585 505 rerum
604 462 910 504 initium'ullum
930 461 1109 502 invenire
1129 461 1329 511 idoneum,

66 534 183 574 Unde
203 533 384 574 exordiar
403 546 578 581 narrare,
600 546 690 585 quae
711 545 785 571 nec
805 531 985 582 opinanti
1005 530 1214 578 accidunt;

67 601 217 641 Partim
238 615 328 655 quae
346 600 533 654 perspexi
551 599 614 638 his
634 598 770 648 oculis,
792 598 938 652 partim
959 612 1048 651 quae
1069 598 1205 651 accepi
1225 597 1385 638 auribus

66 668 156 712 Qua
174 682 239 707 me
258 673 421 721 propter
440 667 713 706 exanimatum
733 665 847 705 citius
867 665 988 704 eduxi
1006 665 1123 704 foras.

66 733 175 774 Nam
193 734 312 774 modo
331 734 436 773 intro
454 739 500 772 ut
518 747 584 773 me
604 733 774 786 corripui
794 732 968 782 timidus,
991 732 1068 772 alio
1088 732 1293 786 suspicans
1511 734 1535 771 5

67 802 212 842 Morbo
230 815 295 841 me
315 802 493 841 visurum
513 801 708 850 affectam,
729 815 775 841 ac
796 802 901 841 sensi
921 815 1086 841 uxorem
1108 815 1191 841 esse
1208 816 1217 850 ς
1248 801 1314 841 hei
1333 800 1433 840 mihi
1449 801 1458 840 ἱ

67 871 283 923 Postquam
301 883 367 909 me
387 883 577 923 aspexere
597 869 752 909 ancillae
773 870 992 917 advenisse,
1014 869 1120 908 illico
1140 882 1279 908 omnes
1297 868 1420 908 simul

67 938 190 978 Laetae
210 936 451 985 exclamant,
475 940 500 959 “
516 936 680 984 Venit,”
699 936 742 975 id
761 937 868 989 quod
886 936 1101 988 derepente
1121 941 1372 990 aspexerant.

66 1005 145 1046 Sed
164 1005 353 1046 continuo
372 1004 525 1045 voltum
545 1018 683 1043 earum
703 1003 808 1043 sensi
827 1003 1030 1042 immutari
1049 1003 1242 1052 omnium,

65 1073 170 1118 Quia
189 1078 270 1112 tam
290 1071 543 1113 incommode
564 1071 641 1110 illis
660 1071 740 1110 fors
760 1069 956 1110 obtulerat
974 1070 1192 1109 adventum
1210 1084 1359 1109 meum.
1488 1072 1539 1109 10

66 1141 158 1182 Una
171 1139 330 1180 illarum
350 1139 503 1179 interea
522 1152 688 1192 propere
708 1138 978 1191 praecucurrit,
999 1138 1202 1188 nuntians,

66 1208 138 1248 Me
157 1207 312 1247 venisse
328 1221 337 1245 z
368 1221 443 1260 ego
462 1206 547 1259 ejus
566 1206 727 1245 videndi
747 1206 926 1259 cupiduS‚
948 1211 1058 1245 recta
1077 1220 1308 1259 consequor.

67 1276 282 1330 Postquam
302 1275 407 1314 intro
426 1274 582 1321 adveni,
606 1273 807 1327 extemplo
827 1274 912 1327 ejus
931 1274 1116 1313 morbum
1136 1273 1306 1326 cognovi
1324 1273 1467 1313 miser:

68 1343 173 1382 Nam
194 1356 337 1395 neque,
357 1347 403 1380 ut
422 1341 551 1381 celare
571 1346 714 1393 posset,
738 1346 894 1393 tempus
915 1340 1087 1393 spatium
1106 1340 1234 1379 ullum
1254 1340 1374 1380 dabat
1390 1355 1398 1379 :

69 1411 210 1463 Neque
230 1423 326 1449 voce
348 1409 437 1456 alia,
460 1422 505 1449 ac
524 1422 586 1447 res
605 1408 795 1447 monebat
812 1408 909 1460 ipsa,
931 1413 1086 1460 poterat
1105 1407 1306 1460 conqueri.
1489 1410 1535 1448 15

69 1478 286 1530 Postquam
306 1475 454 1529 aspexi,
473 1476 509 1514 O
529 1475 682 1514 facinus
701 1474 925 1527 indignum,
947 1474 1112 1527 inquam
1130 1489 1138 1514 :
1170 1480 1210 1513 et
1229 1475 1402 1528 corripui
1420 1474 1525 1516 illico

69 1545 139 1585 Me
159 1544 253 1584 inde
274 1543 512 1596 lacrymans,
535 1541 759 1580 incredibili
777 1555 819 1580 re
840 1547 958 1594 atque
978 1542 1101 1580 atroci
1120 1542 1293 1594 percitus
1311 1556 1319 1580 :

69 1611 203 1651 Mater
222 1609 477 1662 consequitur
494 1623 501 1647 :
527 1608 614 1660 jam
633 1614 678 1647 ut
695 1608 819 1646 limen
841 1607 1003 1656 exirem,
1026 1607 1077 1647 ad
1094 1622 1227 1660 genua
1246 1609 1401 1658 accidit,

70 1681 316 1734 Lacrymans
335 1679 504 1718 misera:
535 1678 755 1717 miseritum
778 1682 859 1716 est:
894 1677 1071 1730 profecto
1090 1677 1165 1717 hoc
1187 1677 1241 1717 sic
1263 1683 1332 1727 est,
1353 1683 1398 1717 ut
1415 1684 1537 1732 puto:

70 1747 268 1788 Omnibus
311 1745 425 1785 nobis
463 1751 509 1785 ut
555 1759 616 1785 res
659 1745 757 1784 dant
797 1758 894 1794 sese,
939 1745 996 1784 ita
1023 1745 1161 1798 magni
1208 1751 1326 1798 atque
1368 1745 1540 1786 htuniles

230 1827 379 1853 sumus-
1488 1816 1541 1854 20

72 1883 192 1923 Hanc
210 1880 358 1921 habere
379 1881 599 1920 orationem
619 1894 779 1920 mecum
799 1880 994 1933 principio
1012 1880 1155 1920 institit
1172 1895 1180 1920 ε

73 1954 97 1973 “
114 1951 149 1990 Ο
170 1949 225 1988 mi
246 1948 466 2000 Pamphile,
489 1949 558 1988 abs
578 1954 616 1987 te
637 1949 894 2001 quamobrem
914 1948 1001 1987 haec
1021 1948 1172 1996 abierit,
1195 1962 1356 1988 causam
1376 1948 1513 1989 vides:

73 2018 181 2058 Nam
200 2017 341 2056 vitium
362 2022 420 2056 est
440 2016 617 2055 oblatum
636 2016 784 2069 virgini
802 2015 897 2055 olim
918 2016 967 2054 ab
987 2016 1121 2055 nescio
1141 2029 1219 2068 quo
1238 2016 1431 2069 improbo.

73 2085 193 2125 Nunc
211 2084 290 2123 huc
311 2083 502 2136 confugit,
525 2089 563 2122 te
584 2088 702 2135 atque
722 2083 819 2122 alios
838 2089 998 2135 partum
1019 2089 1064 2122 ut
1083 2083 1230 2123 celaret
1249 2083 1406 2123 suum.”

74 2153 152 2193 Sed
171 2166 262 2192 cum
282 2156 393 2191 orata
407 2152 491 2204 ejus
509 2150 751 2199 reminiscor,
772 2164 940 2204 nequeo,
963 2151 1060 2204 quin
1079 2150 1300 2203 lacrymern
1320 2152 1452 2191 miser.
1491 2153 1541 2191 25

76 2224 100 2245 ‘⁴
113 2221 292 2273 Quaeque
310 2220 390 2259 fors
408 2219 569 2259 fortuna
588 2224 657 2268 est,
679 2218 821 2271 inquit,
842 2219 956 2258 nobis
976 2233 1065 2272 quae
1086 2225 1125 2258 te
1143 2219 1262 2259 hodie
1283 2219 1436 2268 obtulit,

74 2289 152 2329 Per
171 2301 260 2327 eam
280 2292 319 2326 te
340 2287 592 2326 obsecramus
612 2286 755 2334 ambae,
778 2286 810 2325 si
823 2285 902 2338 jus,
925 2286 958 2325 si
976 2286 1036 2325 fas
1057 2291 1126 2335 est,
1146 2287 1206 2326 uti

76 2353 257 2394 Advorsa
276 2351 360 2405 ejus
378 2365 451 2404 per
469 2357 508 2390 te
528 2356 633 2390 tecta
651 2351 851 2404 tacitaque
872 2351 980 2404 apud
998 2365 1138 2391 omnes
1157 2353 1272 2392 sient.

77 2421 119 2461 Si
135 2433 313 2474 unquam
333 2424 372 2458 te
393 2432 488 2471 erga
507 2418 643 2458 animo
663 2432 746 2458 esse
766 2418 894 2458 amico
914 2419 1037 2458 sensti
1056 2433 1157 2468 eam,
1179 2420 1236 2459 mi
1256 2419 1476 2474 Pamphile,

79 2488 172 2528 Sine
188 2486 322 2526 labore
340 2485 446 2527 hanc
465 2485 635 2538 gratiam
655 2491 705 2533 te,
727 2491 773 2525 ut
791 2485 866 2524 sibi
885 2486 954 2525 des
973 2499 1044 2539 pro
1064 2486 1143 2534 illa,
1164 2499 1273 2528 nunc
1292 2492 1418 2540 rogat.
1494 2489 1546 2527 30

79 2555 264 2595 Ceterum
284 2553 332 2592 de
353 2552 580 2592 reducenda
597 2552 641 2591 id
658 2552 793 2600 facias,
816 2553 921 2606 quod
940 2553 983 2592 in
1002 2567 1087 2593 rem
1107 2554 1157 2593 sit
1175 2559 1298 2593 tuam.

80 2621 278 2663 Parturire
299 2634 399 2669 eam,
422 2633 557 2673 neque
577 2619 787 2672 gravidam
807 2633 891 2659 esse
912 2634 963 2659 ex
982 2626 1032 2669 te,
1055 2620 1159 2660 solus
1175 2621 1367 2661 conscius.

83 2689 190 2730 Nam
209 2688 322 2728 aiunt
340 2694 473 2727 tecum
493 2693 582 2739 post
601 2687 754 2727 duobus
774 2688 1031 2728 concubuisse
1052 2702 1142 2734 eam
1161 2689 1378 2728 mensibus.

83 2757 198 2805 Tum,
219 2761 430 2810 postquam
450 2754 503 2794 ad
521 2760 560 2794 te
580 2755 702 2802 venit,
723 2756 871 2795 mensis
889 2756 1022 2808 agitur
1039 2755 1104 2796 hic
1119 2756 1206 2808 jam
1226 2757 1441 2808 septimus:

87 2823 204 2870 Quod
221 2829 262 2879 te
281 2823 393 2873 scire,
414 2823 500 2876 ipsa
519 2822 670 2862 indicat
687 2836 774 2862 res:
806 2836 913 2866 nunc
934 2823 966 2862 si
985 2823 1088 2876 potis
1109 2829 1179 2872 est,
1203 2823 1422 2878 Pamphile,
1498 2825 1548 2863 35
