1670 3080
597 481 1066 532 PROLOGUS.

93 702 161 744 Nn
183 705 248 745 cui
266 705 318 745 sit
336 710 512 745 vestrum
531 703 689 751 mirum,
711 716 782 741 cur
799 707 932 756 partes
952 702 1038 741 seni

92 771 215 812 Poeta
234 772 397 821 dederit,
419 785 509 826 quae
529 776 621 810 sunt
639 768 966 817 adulescentium,

93 838 143 879 Id
160 839 337 892 primum
357 839 487 879 dicam
504 852 513 877 :
543 836 686 877 deinde
707 835 812 889 quod
831 835 924 875 veni
944 835 1118 888 eloquar.

93 904 159 945 Ex
176 905 333 959 integra
354 906 498 945 Graeca
515 904 714 956 integram
734 901 972 942 comoediam

20 997 22 999 >
91 971 225 1012 Hodie
245 986 334 1012 sum
353 977 523 1019 aeturus,
547 971 737 1009 Heauton
758 969 1053 1009 timorumenon
1071 983 1080 1008 :

6 2920 43 3080 ἰπθὲᾴψέψ-
16 2890 41 2910 12⁴
20 2859 30 2881 Α»
24 2847 37 2853 .-

91 1038 272 1093 Simplex
291 1053 380 1092 quae
400 1052 452 1078 ex
471 1042 707 1090 argumento
725 1021 832 1075 facta
851 1041 911 1075 est
929 1035 1090 1089 duplici.

91 1105 251 1145 Novam
269 1119 354 1145 esse
375 1103 540 1152 ostendi,
562 1109 602 1142 et
621 1116 711 1156 quae
731 1107 855 1142 esset:
885 1115 1006 1151 nunc,
1029 1102 1097 1155 qui
1117 1102 1328 1156 scripserit,

90 1171 144 1211 Et
163 1171 254 1224 cuja
274 1172 419 1211 Graeca
437 1170 499 1219 sit,
520 1169 563 1209 ni
582 1174 736 1222 partem
756 1181 989 1208 maxumam

90 1237 372 1291 Existimarem
391 1237 490 1276 scire
510 1242 699 1284 vostrum,
720 1234 763 1275 id
782 1235 970 1275 dicerem.

87 1302 221 1352 Nunc,
244 1303 503 1357 quamobrem
521 1302 593 1342 has
612 1307 744 1355 partes
763 1301 982 1351 didicerim,
1003 1302 1140 1355 paucis
1160 1302 1275 1341 dabo.

87 1370 298 1410 Oratorem
318 1384 401 1410 esse
421 1369 546 1410 voluit
564 1383 643 1418 me,
664 1382 747 1408 non
765 1367 977 1421 prologum
994 1383 1002 1407 z

89 1436 280 1476 Vostrum
293 1436 492 1490 judicium
510 1435 603 1475 fecit
620 1449 628 1474 :
658 1448 723 1474 me
743 1440 918 1474 actorem
938 1434 1070 1474 dedit:

88 1503 169 1544 Sed
186 1503 252 1544 hic
272 1509 381 1544 actor
399 1508 555 1543 tantum
574 1501 718 1556 poterit
736 1515 760 1540 a
777 1501 976 1550 facundia,

90 1569 297 1615 Quantum
316 1569 383 1609 ille
401 1569 531 1623 potuit
550 1568 723 1621 cogitare
743 1567 963 1615 commode,

84 1635 166 1680 Qui
185 1635 405 1674 orationem
423 1634 529 1674 hanc
549 1633 715 1686 scripsit,
737 1646 858 1685 quam
878 1633 1054 1673 dicturus
1074 1647 1174 1673 sum.

85 1702 194 1741 Nam
213 1702 320 1754 quod
339 1715 518 1741 rumores
538 1699 777 1740 distulerunt
794 1698 993 1748 malevoli,

87 1768 239 1808 Multas
259 1767 548 1807 contaminasse
571 1768 745 1814 Graecas,
767 1765 864 1814 dum
883 1766 980 1805 facit

88 1835 242 1875 Paucas
263 1835 450 1875 Latinas:
479 1834 522 1873 id
541 1847 624 1873 esse
643 1833 795 1872 factum
813 1831 879 1871 hic
898 1845 979 1871 non
1001 1839 1133 1885 negat,

87 1900 229 1953 Neque
250 1914 291 1940 se
310 1900 457 1953 pigere,
480 1905 520 1938 et
538 1898 682 1939 deinde
702 1899 852 1937 factum
871 1897 1133 1938 iriautumat.

84 1967 222 2006 Habet
239 1967 435 2006 bonorum
455 1964 685 2018 exemplum
703 1978 711 2002 :
743 1976 821 2016 quo
842 1963 1026 2016 exemplo
1047 1964 1120 2003 sibi

84 2033 224 2072 Licere
242 2032 285 2073 id
302 2032 446 2080 facere,
469 2030 576 2084 quod
594 2029 652 2069 illi
670 2029 862 2077 fecerunt,
883 2034 1010 2082 putat.

82 2098 188 2138 Tum
207 2098 314 2151 quod
330 2096 549 2137 malevolus
569 2101 683 2135 vetus
701 2100 820 2148 poeta
839 2094 1004 2143 dictitat,

84 2165 265 2219 Repente
285 2164 336 2204 ad
355 2163 530 2204 studium
550 2177 591 2202 se
611 2161 830 2216 applicasse
848 2161 956 2201 hunc
975 2162 1185 2213 musicum,

84 2232 274 2272 Amicum
293 2231 455 2284 ingenio
473 2231 633 2278 fretum,
653 2228 762 2268 haud
780 2234 924 2268 natura
943 2243 1014 2268 sua
1030 2244 1039 2268 :

84 2298 307 2339 Arbitrium
326 2303 514 2344 vestrum,
536 2301 668 2335 vestra
687 2294 942 2334 existumatio

85 2365 270 2406 valebit:
302 2378 422 2418 quare
443 2377 582 2403 omnes
601 2376 671 2401 vos
690 2367 820 2401 oratos
839 2360 942 2410 volo,

85 2432 148 2472 Ne
166 2432 256 2486 plus
274 2431 460 2484 iniquum
479 2429 613 2483 possit,
636 2442 757 2481 quam
775 2428 938 2480 aequfim
959 2428 1097 2468 oratio.

87 2499 233 2548 Facite,
255 2498 360 2552 aequi
380 2498 464 2537 sitis
481 2511 490 2536 :
521 2497 612 2536 date
631 2495 835 2535 crescendi
855 2495 1022 2548 copiam,

88 2566 296 2606 Novarum
317 2564 385 2617 qui
405 2562 611 2617 spectandi
629 2562 783 2602 faciunt
801 2562 957 2615 copiam

87 2633 179 2672 Sine
199 2631 304 2671 vitiis
320 2646 329 2680 3
359 2644 411 2670 ne
431 2630 498 2670 ille
516 2643 588 2683 pro
607 2643 648 2669 se
668 2629 820 2669 dictum
839 2628 1063 2678 existumet,

87 2699 166 2744 Qui
184 2712 313 2752 nuper
331 2698 437 2746 fecit,
462 2710 575 2736 servo
595 2696 770 2736 currenti
787 2695 830 2734 in
851 2695 916 2735 via

89 2765 258 2805 Decesse
277 2763 483 2818 populum.
541 2763 621 2802 Cur
639 2762 780 2801 insano
800 2762 971 2801 serviat?

90 2832 152 2872 De
171 2832 275 2872 illius
293 2831 466 2885 peccatis
483 2830 600 2884 plura
618 2830 734 2879 dicet,
757 2843 850 2869 cum
869 2829 978 2869 dabit

1510 1305 1561 1342 10

1510 1639 1558 1675 15

1505 1971 1558 2006 20

1504 2300 1556 2336 25

1501 2638 1554 2674 30
