1670 3080
561 122 720 154 ACTUS
757 121 790 152 1.
862 119 1027 151 SCENA
1062 119 1097 150 1.

88 210 147 253 Ut
162 213 340 253 animum
361 212 411 252 ad
429 211 588 264 aliquod
607 209 780 250 studium
800 208 1031 261 adjungant,
1054 211 1122 244 aut
1141 218 1262 258 equos

89 276 219 330 Alere,
240 285 309 320 aut
327 293 444 319 canes
464 278 515 318 ad
532 276 773 323 venandum,
795 280 864 314 aut
882 274 933 312 ad
950 271 1206 325 philosophos
1222 285 1231 310 ;

89 347 245 386 Horum
264 346 330 386 ille
349 346 449 386 nihil
468 345 624 399 egregie
643 349 788 397 praeter
807 347 938 381 cetera

87 412 290 460 Studebat,
312 418 352 452 et
370 418 505 452 tamen
525 410 661 449 omm'a
680 408 768 447 haec
788 405 1051 446 mediocriter.

87 479 333 518 Gaudebam.
422 479 487 516 So.
526 475 621 514 Non
640 474 810 528 injuria:
841 486 935 511 nam
956 471 997 510 id
1015 471 1181 510 arbitror

87 546 279 598 Apprime
298 546 340 584 in
359 545 442 584 vita
461 557 544 584 esse
562 541 672 591 utile,
695 555 747 580 υτ
768 554 822 579 m:
844 552 944 580 Qum
965 551 1096 577 mms.

87 612 142 650 Si.
182 611 245 650 Sic
266 611 348 650 vita
367 616 475 650 erat:
504 608 620 648 facile
640 621 778 647 omnes
797 606 969 659 perferre
990 618 1035 643 ac
1055 604 1150 657 pati,

86 677 188 716 Cum
204 675 348 729 ‘quibus
365 681 452 716 erat
470 687 641 727 cumque
659 686 741 724 una
757 686 766 710 ε
795 671 844 710 iis
864 684 947 709 sese
967 670 1109 709 dedere
1126 684 1135 707 :

88 743 236 782 Eorum
255 742 392 782 studiis
411 740 573 794 obsequi
589 754 598 778 :
629 739 817 778 advorsus
836 736 988 775 nemini
1005 750 1014 775 ε

85 810 302 862 Nunquam
319 821 557 863 praeponens
577 821 618 846 se
636 805 712 845 illis
728 819 737 844 :
767 804 824 843 ita
841 803 1042 842 facillume
1080 845 1085 848 ,

85 877 178 916 Sine
196 876 346 916 invidia
362 875 521 915 laudem
540 873 732 920 invenias,
755 877 795 911 et
814 871 962 910 amicos
981 883 1108 922 pares.

71 944 149 996 ⁴80.
190 943 395 996 Sapienter
413 943 537 982 vitam
556 940 726 981 instituit
742 953 750 978 :
780 951 954 990 namque
973 937 1048 976 hoc
1069 942 1247 989 tempore

84 1010 331 1051 OssaoumM
353 1022 514 1057 Amcos,
537 1021 710 1046 vssm‘rAs
731 1018 864 1044 omum
886 1017 1022 1042 mam.

83 1077 140 1116 S1.
179 1077 338 1116 Interea
354 1075 498 1115 mulier
516 1075 701 1129 quaedam
721 1073 866 1112 abhinc
887 1070 1106 1111 trIennium

83 1142 146 1181 Ex
165 1141 305 1181 Andro
323 1140 600 1194 commigravit
616 1140 695 1179 huc
715 1137 884 1186 viciniae,

83 1209 225 1262 Inopia
243 1215 283 1249 et
301 1214 560 1262 cognatorum
579 1205 825 1260 negligentia

82 1276 238 1325 Coacta,
260 1275 421 1329 egregia
437 1275 567 1314 forma
585 1280 704 1327 atque
723 1277 841 1311 aetate
860 1271 1026 1323 integra.

82 1341 148 1381 So.
187 1341 279 1389 Hei,
301 1354 438 1380 vereor
456 1353 507 1379 ne
528 1339 624 1392 quid
644 1337 798 1378 Andria
817 1342 999 1390 apportet
1017 1335 1124 1375 mali,

82 1407 138 1446 S1.
183 1407 362 1446 Primum
380 1406 468 1446 haec
486 1405 629 1458 pudice
648 1405 784 1452 vitam,
805 1417 936 1456 parce,
958 1417 1004 1442 ac
1025 1402 1172 1442 duriter

82 1474 250 1526 Agebat,
269 1472 364 1512 lana
381 1486 427 1512 ac
446 1471 527 1526 tela
544 1471 694 1511 victum
715 1470 929 1523 quaeritans
945 1484 953 1508 ε

80 1539 157 1579 Sed
174 1544 384 1592 postquam
403 1551 541 1577 amans
561 1537 736 1584 accessit,
758 1536 929 1589 pretium
948 1535 1150 1588 pollicens,

74 1598 192 1645 Unus
211 1611 251 1644 et
267 1604 364 1644 item
383 1603 504 1652 alter;
535 1603 592 1642 ita
609 1608 655 1641 ut
672 1601 879 1654 ingenium
899 1607 959 1640 est
976 1601 1154 1640 omnium

78 1670 301 1710 Hominum
321 1670 370 1709 ab
388 1669 522 1709 labore
542 1667 716 1722 proclive
736 1667 787 1706 ad
804 1666 1035 1715 lubidinem,

78 1738 246 1791 Accepit
265 1736 543 1784 conditionem,
566 1736 657 1775 dein
678 1740 875 1788 quaestum
895 1734 1049 1787 occipit.

77 1805 158 1849 Qui
177 1811 262 1844 tum
280 1804 391 1844 illam
409 1804 607 1851 amabant,
629 1803 741 1851 forte,
763 1802 819 1841 ita
837 1807 882 1841 ut
900 1801 956 1850 fit,
977 1800 1105 1839 filium

29 1865 34 1869 ⁹
76 1872 300 1912 Perduxere
319 1871 425 1920 illuc,
446 1884 581 1910 secum
600 1875 645 1908 ut
664 1882 745 1908 una
764 1874 876 1917 esset,
897 1882 1044 1907 meum.

75 1938 245 1991 Egomet
263 1937 450 1977 continuo
468 1949 628 1975 mecum
645 1949 653 1974 :
687 1935 802 1974 Certe
822 1939 960 1987 captus
979 1940 1062 1973 est:

76 2004 235 2044 Habet:
265 2004 521 2044 observabam
541 2015 659 2042 mane
678 2000 838 2040 illorum
857 2000 1027 2040 servolos

75 2070 289 2111 Venientes
308 2075 378 2109 aut
394 2070 584 2109 abeuntes
601 2083 610 2107 :
641 2067 873 2121 rogitabam,
897 2067 1011 2107 Heus
1030 2082 1139 2121 puer,

75 2137 150 2176 Dic
170 2137 293 2186 sodes,
316 2136 403 2190 quis
421 2136 508 2176 heri
530 2135 766 2188 Chrysidem
784 2134 952 2174 habuit?
979 2148 1074 2174 nam
1096 2135 1262 2175 Andriae

1506 273 1560 309 30

1507 605 1558 643 35

1504 938 1558 974 40

1500 1604 1556 1642 50

1499 1939 1550 1976 55

64 2200 139 2240 nli
157 2201 200 2240 id
218 2205 302 2240 erat
318 2213 479 2240 nomen.
552 2200 616 2238 So.
655 2199 802 2238 Teneo.
873 2200 930 2238 St.
974 2199 1188 2240 Phaedrum
1209 2206 1278 2240 aut
1293 2200 1466 2242 Cliniam
1482 2209 1551 2241 aut

75 2256 306 2308 Niceratum
323 2257 510 2307 dicebant
526 2281 534 2305 :
564 2280 660 2305 nam
677 2266 721 2305 hi
740 2271 819 2305 tres
838 2271 925 2305 tum
944 2266 1062 2306 simul

74 2333 285 2374 Amabant.
343 2332 442 2381 Eho,
463 2332 560 2386 quid
580 2331 842 2384 Pamphilus?
871 2331 1006 2376 Quid?
1034 2332 1255 2384 symbolam

75 2400 206 2449 Dedit,
227 2400 426 2440 coenavit:
456 2399 691 2452 gaudebam.
751 2399 855 2438 Item
877 2398 953 2438 alio
973 2399 1036 2438 die

74 2467 309 2512 Quaerebam
326 2481 335 2506 t
365 2466 656 2519 comperiebam
675 2464 775 2504 nihil
795 2464 846 2503 ad
866 2464 1121 2517 Pamphilum

75 2533 296 2586 Quicquam
316 2532 482 2572 attinere
499 2546 507 2570 ε
538 2532 740 2571 enimvero
760 2538 980 2584 spectatum
1001 2532 1094 2571 satis

75 2599 278 2647 Putabam,
301 2605 341 2638 et
358 2610 551 2651 magnum
571 2597 800 2650 exemplum
820 2597 1075 2636 continentiae
1092 2612 1100 2636 :

75 2665 181 2707 Nam
201 2666 268 2720 qui
287 2680 379 2706 cum
397 2665 570 2718 ingeniis
590 2664 840 2704 conflictatur
861 2664 1066 2717 ejusmodi.

76 2732 217 2786 Neque
236 2737 507 2772 commovetur
526 2731 683 2773 animus
702 2731 745 2770 in
765 2744 873 2770 eacre
893 2736 1040 2779 tamen,

75 2798 183 2839 Scias
202 2812 315 2853 posse
327 2798 415 2853 jam
433 2797 580 2839 habere
599 2798 732 2852 ipsum
751 2811 833 2837 suae
854 2797 947 2836 vitae
966 2797 1143 2838 modum.

1497 2273 1550 2309 60

1496 2601 1546 2638 65
