1670 3080
110 137 210 184 202
709 146 951 179 Pflonmo.

472 313 647 354 ACTUS
697 312 779 351 ΙΙΙ.
872 307 1050 351 SCENA
1100 307 1183 347 111.

510 414 726 452 PHAEmuA.
770 411 980 450 Annrno.
1026 408 1158 448 Gna-A.

77 501 82 507 Ι
105 519 180 558 ΡΗ.
231 516 337 561 Quid
365 514 539 554 faciam?
576 512 683 551 unde
710 524 784 564 ego
816 523 924 549 nunc
953 514 1035 548 tam
1068 507 1196 547 subito
1227 505 1321 547 huic
1352 510 1569 559 argentum

263 583 465 623 inveniam
485 581 614 628 miser,

105 651 178 691 Cui
198 650 330 689 minus
348 648 473 688 nihilo
492 647 579 686 est?
607 645 714 697 quod
733 644 765 683 si
782 643 879 682 hine
899 648 990 696 pote
1009 641 1146 680 fuisset
1164 639 1362 680 exorarier

103 717 296 757 Triduum
333 715 421 763 hoc,
455 713 691 767 promissum
724 711 865 749 fuerat.
950 709 1030 747 AN.
1072 707 1186 746 Itane
1216 706 1323 746 hune
1350 705 1559 759 patiemur,

270 783 384 830 Geta,

104 850 208 890 Fieri
226 849 427 896 miserum,
449 847 516 900 qui
534 859 598 885 me
618 845 779 892 dudum,
800 849 845 882 ut
864 842 975 891 dixti,
997 841 1142 894 adjurit
1160 840 1353 881 comiter?

103 917 222 964 Quin,
245 931 336 956 cum
356 929 452 968 opus
473 919 541 961 est,
562 911 799 952 beneficium
818 923 974 949 rursum
995 909 1031 948 ei
1051 908 1278 961 experimur
1295 907 1491 948 reddere?
1534 909 1559 947 5

105 983 182 1022 GE.
205 983 293 1022 Scio
313 981 496 1034 equidem
514 980 588 1018 hoc
609 992 692 1017 esse
714 990 882 1029 aequom.
941 976 1021 1014 AN.
1046 976 1133 1028 Age
1155 988 1262 1028 erge,
1283 974 1387 1015 solus
1405 987 1561 1015 servare

263 1048 370 1087 hunc
389 1053 511 1100 potes.

105 1114 182 1153 Gn.
222 1113 329 1158 Quid
346 1113 516 1152 faciam?
571 1112 653 1150 AN.
693 1109 879 1149 Invenias
899 1113 1120 1160 argentum.
1187 1107 1265 1147 GE.
1297 1106 1422 1160 Cupio
1439 1121 1448 1146 ε
1478 1106 1559 1155 sed,

265 1180 307 1219 id
325 1179 443 1227 unde,
466 1178 599 1217 edoce.

104 1248 184 1287 An.
226 1247 344 1286 Pater
363 1246 475 1285 adest
492 1245 570 1284 hic.
680 1243 757 1282 Gn.
793 1242 882 1282 Seio
899 1255 907 1280 :
938 1242 1007 1280 sed
1026 1241 1121 1294 quid
1139 1241 1253 1281 tum?
1346 1242 1428 1281 Au.
1466 1240 1534 1280 Ah
1551 1241 1560 1280 !

266 1313 414 1351 dietum
435 1311 602 1364 sapienti
621 1316 681 1349 sat
699 1315 768 1349 est.

105 1380 181 1418 Gn.
224 1378 328 1417 Itan’
350 1378 435 1417 ais?
517 1378 598 1416 An.
649 1376 724 1415 Ita.
810 1375 886 1414 Gn.
935 1374 1038 1413 Sane
1057 1372 1189 1414 hercle
1208 1373 1373 1427 pulchre
1391 1373 1534 1415 suades
1551 1388 1560 1413 :

265 1445 385 1483 etiam
405 1449 448 1482 tu
465 1443 558 1482 hinc
578 1442 691 1481 abis?

105 1511 198 1549 Non
218 1510 430 1563 triumpho,
452 1522 503 1548 ex
521 1507 668 1561 nuptiis
687 1507 764 1546 tuis
784 1500 816 1545 si
835 1505 892 1545 nil
911 1505 1117 1545 nanciscor
1134 1504 1243 1554 mali,
1511 1508 1561 1547 10

104 1575 158 1614 Ni
178 1576 297 1614 etiam
316 1588 423 1614 nune
443 1588 508 1613 me
526 1573 644 1626 hujus
664 1586 782 1612 causa
801 1584 979 1623 quaerere
998 1571 1041 1610 in
1059 1570 1164 1610 malo
1177 1570 1320 1624 jubeas
1337 1560 1518 1610 malum?

104 1641 184 1679 AN.
207 1641 359 1679 Verum
377 1639 442 1678 hie
462 1638 568 1678 dicit.
626 1638 702 1677 Pu.
734 1636 868 1681 Quid?
897 1650 970 1688 ego
990 1636 1112 1684 vobis,
1135 1636 1251 1684 Geta,
1272 1635 1425 1677 alienus
1444 1637 1564 1677 sum?

267 1706 344 1744 Gn.
385 1704 509 1743 Haud
527 1709 651 1756 puto:

105 1771 182 1810 Sed
200 1784 395 1823 parumne
416 1776 486 1818 est,
508 1770 614 1823 quod
632 1769 813 1808 omnibus
833 1782 940 1808 nune
959 1769 1072 1808 nobis
1091 1774 1292 1809 suscenset
1310 1782 1444 1818 senex,
1499 1762 1502 1765 ’
1547 1763 1551 1765 ’

103 1838 158 1876 Νἰ
177 1837 410 1889 instigemus
430 1836 562 1884 etiam,
583 1841 628 1874 ut
645 1835 777 1874 nullus
795 1835 904 1873 loeus
922 1834 1167 1887 relinquatur
1183 1834 1322 1888 preci?

103 1905 179 1943 Pu.
219 1903 333 1942 Alius
370 1904 420 1942 ab
458 1902 581 1941 oculis
617 1902 716 1941 meis
754 1901 863 1940 illam
899 1901 942 1940 in
979 1901 1161 1953 ignotum
1197 1901 1367 1942 abducet
1401 1901 1564 1942 locum?

263 1969 380 2007 hem!
1512 1971 1560 2008 15

104 2035 210 2080 Quin
222 2036 342 2088 igitur
354 2034 448 2073 dum
463 2034 566 2081 licet,
583 2034 757 2085 dumque
777 2032 928 2080 adsum,
944 2032 1153 2085 loquimini
1170 2047 1342 2083 meeum,
1355 2034 1564 2087 Antipho?

104 2101 438 2154 Contemplamini
458 2113 534 2139 me.
592 2100 674 2138 AN.
713 2099 1011 2143 Quamobrem?
1043 2104 1113 2138 aut
1130 2099 1321 2152 quidnam
1339 2100 1559 2149 facturus's,

266 2167 375 2206 cedo.
1094 2155 1097 2157 ⁵

103 2234 178 2273 Pu.
220 2234 387 2285 Quoquo
405 2232 499 2270 hine
520 2230 782 2283 asportabitur
800 2236 1006 2279 terrarum,
1028 2235 1180 2270 eertum
1199 2237 1259 2271 est
1276 2233 1473 2286 persequi,

103 2300 187 2339 Aut
205 2300 345 2352 perire.
404 2299 480 2337 Gn.
503 2297 557 2336 Di
574 2298 676 2336 bene
696 2302 864 2345 vortant,
886 2297 992 2350 quod
1010 2311 1128 2350 agas:
1148 2298 1393 2351 pedetentim
1411 2305 1558 2340 tamen.

103 2368 183 2406 AN.
224 2365 326 2405 Vide
348 2365 431 2418 opis
451 2364 483 2403 si
503 2363 598 2417 quid
615 2369 726 2415 potes
745 2360 882 2414 afferre
900 2363 1005 2402 huic.
1101 2364 1178 2403 Gn.
1227 2365 1269 2404 Si
1289 2365 1409 2418 quid?
1435 2365 1528 2418 quid
1544 2365 1563 2405 f'

263 2434 345 2472 AN,
383 2433 540 2479 Quaere,
563 2431 724 2469 obsecro
741 2444 750 2468 ε
1505 2435 1563 2475 20¹

102 2499 165 2537 Ne
186 2499 280 2550 quid
298 2498 386 2550 plus
404 2497 585 2536 minusve
604 2495 715 2542 faxit,
738 2494 843 2546 quod
862 2508 934 2533 nos
951 2500 1040 2547 post
1056 2495 1202 2547 pigeat,
1226 2496 1341 2536 Geta.

103 2565 179 2602 Gn.
220 2565 391 2607 Quaero:
422 2562 551 2600 salvus
571 2566 640 2608 est,
661 2565 706 2598 ut
724 2559 887 2611 opinor:
917 2573 1056 2599 verum
1075 2560 1182 2599 enim
1199 2565 1334 2601 metuo
1351 2560 1515 2602 malum.

102 2631 181 2669 AN.
223 2629 317 2668 Noli
336 2634 537 2668 metuere:
569 2640 647 2666 una
666 2631 796 2664 tecum
816 2626 931 2673 bona,
951 2625 1069 2674 mala,
1090 2625 1352 2667 tolerabimus.

103 2697 179 2734 Gn.
201 2696 405 2738 Quantum
422 2698 480 2731 est
495 2705 592 2745 opus
607 2690 773 2743 argenti,
789 2690 982 2743 eloquere.
1031 2691 1107 2730 Pa.
1129 2689 1232 2730 Solae
1246 2689 1407 2743 triginta
1419 2690 1555 2742 minae.

103 2763 179 2801 Ga.
218 2760 427 2812 Triginta?
454 2759 549 2799 hui!
578 2770 740 2811 percara
744 2757 799 2805 'st‚
823 2756 1016 2796 Phaedria.
1103 2756 1179 2797 Pa
1219 2756 1335 2796 Istaec
1354 2769 1447 2796 vero
1465 2755 1555 2796 vilis

261 2832 330 2866 est.
1499 2822 1551 2860 25

1662 1878 1670 1896 ἃ

1644 1912 1646 1915 f
1661 1900 1670 1929 12
