1670 3080
131 153 163 199 6
760 178 975 210 ANDRIA.

129 256 230 296 Cum
250 257 291 296 id
309 258 407 298 mihi
426 259 616 311 placebat,
638 266 723 301 tum
741 276 821 302 uno
842 278 907 303 ore
926 278 1063 304 omnes
1083 267 1218 306 omnia

126 326 242 365 Bona
259 325 399 375 dicere,
421 333 461 366 et
479 327 640 367 laudare
658 329 835 368 fortunas
854 345 975 379 meas,
1535 336 1594 383 '1'0
1634 366 1637 368 —

127 391 207 435 Qui
225 398 391 443 gnatum
410 393 596 433 haberem
617 395 686 434 tali
704 396 865 446 ingenio
883 397 1106 448 praeditum.

123 454 233 497 Quid
255 458 380 497 verbis
401 472 496 511 opus
516 461 602 498 est?
628 460 702 499 hac
722 462 829 500 fama
846 461 1038 514 impulsus
1059 463 1258 511 Chremes,

122 521 239 561 Ultro
259 523 309 562 ad
327 538 391 563 me
411 525 530 573 venit,
550 526 711 564 unicam
730 533 895 576 gnatam
915 541 1027 566 suam

126 587 227 626 Cum
246 588 335 628 dote
356 604 510 629 summa
529 590 610 630 filio
627 605 792 630 uxorem
812 598 856 630 ut
875 593 997 631 daret.

124 652 302 694 Placuit:
333 656 546 709 despondi:
576 658 640 696 hic
661 659 808 710 nuptiis
828 659 954 697 dictus
978 660 1023 698 ’st
1042 660 1135 699 dies.
1528 662 1580 705 '75

124 721 189 759 So.
228 722 333 766 Quid
352 722 471 773 igitur
490 724 641 761 obstat:
672 737 742 762 cur
761 737 839 762 non
860 724 986 763 fiant?
1070 727 1125 764 81.
1161 725 1327 769 Audies.
1623 734 1625 738 ⁴

123 787 221 826 Fere
240 787 281 825 in
302 788 438 827 diebus
458 789 605 839 pauciS,
629 789 769 840 quibus
788 789 875 828 haec
896 795 984 829 acta
1002 797 1105 839 sunt,

123 853 282 906 Chrysis
301 855 431 893 vicina
450 855 535 894 haec
555 855 730 894 moritur.
816 857 881 895 So.
925 858 961 896 Ο
980 857 1129 897 factmn
1148 859 1276 899 bene!

121 919 252 958 Beasti
269 934 277 958 :
307 921 430 959 metui
450 935 473 959 a
495 921 695 973 Chryside.
782 923 838 960 S1.
882 923 943 962 lbi
963 928 1047 962 tum
1067 923 1171 963 filius

121 986 221 1024 Cum
240 986 327 1034 illis,
351 988 418 1040 qui
437 989 624 1027 amabant
644 988 887 1040 Chrysidem,
908 1003 990 1028 una
1008 990 1143 1030 aderat
1161 991 1346 1044 frequens
1362 1006 1372 1031 ε
1521 996 1574 1033 80

117 1054 291 1094 Curabat
308 1068 390 1093 una
407 1055 525 1093 funus
543 1070 550 1093 :
581 1056 700 1094 tristis
719 1056 889 1105 interim,

119 1118 417 1172 Nonnunquam
437 1120 742 1160 collacrumabat
758 1135 766 1160 :
796 1121 945 1174 placuit
964 1127 1048 1161 tum
1067 1122 1108 1161 id
1127 1122 1238 1162 mihi.

118 1186 180 1224 Sic
202 1187 422 1238 cogitabam
439 1202 447 1226 :
480 1188 559 1226 Hic
579 1202 712 1240 parvae
732 1188 1026 1228 consuetudinis

118 1252 246 1291 Causa
264 1253 380 1306 hujus
400 1259 568 1292 mortem
588 1260 669 1293 tam
688 1254 765 1293 fert
782 1254 1028 1294 familiariter
1044 1270 1053 1294 :

117 1319 222 1363 Quid
241 1320 272 1358 si
291 1320 373 1372 ipse
394 1321 590 1359 amasset?
618 1320 713 1373 quid
731 1320 829 1359 mihi
848 1321 912 1359 hic
931 1321 1050 1360 faciet
1067 1321 1199 1373 patri?
1517 1323 1570 1362 85

116 1384 218 1424 Haec
239 1400 311 1438 ego
330 1387 518 1438 putabam
538 1400 621 1426 esse
641 1386 775 1425 omnia
793 1386 958 1425 humani
976 1386 1124 1438 ingeni,

115 1450 394 1504 Mansuetique
414 1452 536 1491 animi
556 1452 708 1491 officia:
739 1452 834 1505 quid
852 1452 987 1491 multis
1006 1452 1166 1491 moror?

115 1517 284 1569 Egomet
303 1531 457 1571 quoque
478 1518 561 1571 ejus
581 1531 700 1557 causa
718 1518 759 1557 in
779 1519 899 1557 funus
917 1518 1075 1571 prodeo,

114 1583 224 1623 Nihil
245 1585 445 1637 suspicans
466 1585 584 1624 etiam
604 1585 710 1623 mali.
777 1585 842 1623 So.
882 1585 1001 1633 Hem,
1024 1584 1119 1637 quid
1137 1584 1179 1624 id
1198 1584 1286 1624 est?
1353 1584 1410 1624 Sl.
1447 1584 1567 1627 Scies.
1632 1569 1670 1631 ᾖ

112 1650 306 1690 Effertur:
335 1652 449 1691 imus.
509 1653 668 1691 Interea
686 1653 788 1691 inter
806 1651 1001 1700 mulieres,
1514 1655 1568 1692 90
1652 1631 1670 1753 ξ

111 1718 212 1761 Quae
230 1717 285 1756 ibi
305 1718 477 1765 aderant,
498 1718 598 1757 forte
618 1732 739 1757 unam
759 1718 906 1771 aspicio
925 1717 1273 1766 adulescentulam,
1652 1749 1670 1798 ἐ

111 1783 255 1822 Forma
272 1807 325 1813 —
409 1786 473 1823 So.
516 1786 628 1824 Bona
645 1785 819 1824 fortasse.
855 1781 856 1784 ¹
905 1785 961 1824 S1.
1002 1785 1055 1823 Et
1074 1783 1192 1833 voltu,
1215 1783 1336 1832 Sosia,
1652 1796 1670 1842 j,

110 1851 223 1889 Adeo
243 1851 429 1898 modesto,
451 1851 548 1890 adeo
568 1857 743 1898 venusto,
765 1857 810 1890 ut
828 1851 885 1889 nil
905 1864 1033 1903 supra.
1650 1843 1670 1907 {a

110 1917 210 1960 Quae
230 1931 321 1955 cum
340 1917 438 1955 mihi
456 1917 664 1956 lamentari
683 1922 827 1969 praeter
846 1922 995 1956 ceteras
1249 1953 1251 1955 .
1648 1923 1670 1984 32

110 1983 207 2022 Visa
227 1989 295 2031 est,
317 1989 356 2023 et
374 1983 467 2036 quia
486 1989 568 2022 erat
586 1983 713 2022 forma
730 1987 875 2035 praeter
894 1988 1042 2022 ceteras
1511 1987 1562 2024 95
1644 1986 1670 2036 ἒξ

110 2049 290 2089 Honesta
308 2055 347 2089 et
364 2049 527 2097 liberali,
550 2049 693 2088 accedo
713 2049 763 2088 ad
781 2048 1014 2101 pedisequas
1030 2062 1039 2086 :
1644 2037 1670 2067 ³⁹3*-

108 2115 209 2160 Quae
228 2116 288 2164 sit,
309 2128 427 2168 rogo:
459 2128 630 2154 sororem
651 2128 733 2153 esse
753 2114 865 2152 aiunt
886 2113 1099 2165 Chrysidis.
1646 2159 1654 2170 'y

107 2182 305 2221 Percussit
322 2181 427 2220 illico
447 2181 623 2219 animum
641 2195 649 2218 :
680 2179 785 2219 atat!
814 2178 889 2218 hoc
909 2178 1006 2220 illud
1026 2184 1094 2227 est,
1640 2170 1660 2222 {3

109 2248 216 2287 Hinc
237 2247 315 2286 illae
333 2247 532 2295 lacrumae,
553 2247 641 2285 haec
660 2245 729 2284 illa
746 2246 792 2284 ’st
808 2236 1087 2284 misericordia.

108 2315 173 2354 So.
214 2315 343 2359 Quam
363 2315 495 2362 timeo,
517 2326 703 2366 quorsum
722 2311 875 2351 evadas.
962 2311 1017 2350 S1.
1058 2311 1194 2350 Funus
1212 2311 1371 2351 interim
1482 2315 1561 2352 100

107 2382 312 2422 Procedit:
343 2381 569 2434 sequimur:
599 2380 650 2418 ad
669 2378 892 2432 sepulcrum
911 2378 1117 2417 venimus:
1447 2380 1450 2386 “
1632 2368 1634 2371 ’

107 2449 156 2487 In
176 2449 311 2501 ignem
330 2448 583 2501 imposita’st:
612 2446 739 2485 fletur.
797 2445 957 2484 Interea
973 2444 1060 2483 haec
1079 2458 1197 2492 soror,

107 2515 236 2559 Quam
257 2514 349 2563 dixi,
371 2514 422 2553 ad
439 2514 643 2553 flammam
662 2512 824 2551 accessit
841 2511 1138 2563 imprudentius,

106 2581 207 2620 Satis
228 2595 318 2620 cum
338 2580 484 2633 periclo
501 2594 509 2619 ε
538 2579 593 2618 ibi
613 2584 698 2617 tum
718 2577 965 2617 exanimatus
985 2576 1216 2629 Pamphilus
1623 2630 1629 2635 υ

106 2649 214 2688 Bene
235 2647 523 2687 dissimulatum
543 2658 717 2685 amorem
738 2649 777 2683 et
794 2643 965 2682 celatum
983 2642 1133 2681 indicat
1150 2657 1158 2680 :
1477 2645 1553 2682 10⁵
1616 2638 1641 2696 ξ

105 2714 312 2754 Accurrit:
341 2713 514 2753 mediam
532 2711 738 2751 mulierem
759 2708 1054 2761 complectitur:
1614 2699 1635 2723 '⁴'

105 2781 201 2820 Mea
222 2780 463 2833 Glycerium,
484 2778 623 2830 inquit,
646 2775 741 2829 quid
759 2774 872 2827 agis?
899 2787 969 2813 cur
987 2779 1026 2813 te
1044 2773 1078 2813 is
1097 2773 1323 2826 perditum?

103 2847 204 2886 Tum
226 2846 304 2894 illa,
326 2851 371 2885 ut
389 2849 618 2884 consuetum
638 2841 753 2881 facile
773 2853 948 2880 amorem
967 2853 1158 2888 cerneres,
1222 2886 1242 2887 Π
