1670 3080
537 345 717 386 ACTUS
766 344 825 385 ΙΙ.
903 343 1087 384 SCENA
1136 344 1169 384 Ι.

604 445 799 499 Lirenas.
858 446 1085 486 Sos'rnA'rA.

116 547 191 588 LA.
230 548 308 588 Pro
336 548 469 588 Deum
495 554 614 602 atque
638 548 876 590 hominum!
909 551 1016 603 quod
1034 551 1110 591 hoc
1133 565 1262 605 genus
1282 551 1364 591 est!
1394 567 1485 608 quae
1505 553 1593 595 haec

277 622 338 656 est
357 616 577 669 conjuratio
594 617 603 656 !

114 681 171 722 Ut
188 695 254 722 nae
273 696 413 723 omnes
432 683 618 723 mulieres
641 685 781 725 eadem
801 698 916 737 aeque
936 685 1133 735 studeant,
1154 686 1362 741 nolintque
1383 689 1548 728 omnia?

113 750 258 804 Neque
277 750 518 790 declinatam
539 751 754 805 quicquam
774 752 824 791 ab
845 752 1013 792 aliarum
1033 754 1197 807 ingenio
1216 755 1341 795 ullam
1360 756 1565 810 reperias?

114 817 258 870 Itaque
277 818 377 858 adeo
395 832 478 858 uno
497 819 631 858 animo
652 833 791 858 omnes
812 833 946 859 socrus
966 820 1136 860 oderunt
1154 835 1290 862 nurus.

114 885 222 925 Viris
241 885 443 926 advorsari
462 900 577 940 aeque
597 886 773 926 studium
795 892 864 936 est,
886 887 1026 927 similis
1044 889 1328 941 pertinacia’st.
1567 893 1591 930 5

114 952 164 991 In
185 953 405 1006 eodemque
425 967 564 992 omnes
582 953 683 992 mihi
702 953 890 993 videntur
908 953 1003 994 ludo
1023 955 1151 994 doctae
1171 955 1223 995 ad
1242 955 1450 995 malitiam.

112 1019 162 1059 Ei
180 1019 287 1069 ludo,
310 1021 344 1059 si
362 1019 513 1059 uHa'sit
531 1021 733 1074 magistra,
754 1020 859 1060 hanc
880 1034 964 1061 esse
984 1021 1078 1061 satis
1097 1028 1205 1062 certo
1224 1023 1318 1062 scio.

112 1087 178 1126 So.
233 1086 304 1126 Me
351 1086 552 1136 miseram,
603 1101 692 1141 quae
740 1101 860 1137 nunc,
911 1089 1174 1142 quamobrem
1221 1103 1396 1140 accuser,
1436 1091 1592 1131 ‘nescio-

252 1168 259 1171 ‘
275 1155 351 1194 LA.
392 1155 500 1195 Hem
518 1156 528 1195 ἔ
559 1161 604 1195 tu
622 1156 788 1196 nescias.

113 1222 178 1262 So.
218 1222 284 1262 Ita
301 1237 366 1262 me
388 1222 444 1262 Di
462 1223 566 1262 bene
586 1229 735 1273 ament,
756 1223 815 1263 mi
834 1224 1003 1274 Laches,

115 1288 254 1343 Itaque
280 1303 363 1330 una
387 1290 494 1329 inter
516 1304 588 1330 nos
617 1304 736 1344 agere
762 1297 925 1331 aetatem
951 1292 1082 1332 liceat.
1170 1293 1244 1333 LA.
1285 1294 1341 1333 Di
1370 1294 1476 1334 mala
1503 1308 1594 1348 pro-

272 1357 450 1397 hibeant.
1540 1365 1592 1402 10

113 1426 179 1465 So.
219 1426 370 1478 Meque
390 1426 518 1465 abste
540 1426 742 1466 immerito
769 1440 853 1467 esse
880 1434 1120 1478 accusatam,
1149 1431 1360 1484 postmodo
1389 1431 1590 1478 rescisces,

274 1492 367 1532 scio.

113 1560 187 1600 LA.
227 1560 286 1600 Te
310 1560 541 1600 immerito?
570 1574 621 1600 an
649 1561 864 1614 quicquam
893 1575 965 1615 pro
994 1563 1080 1603 istis
1108 1563 1224 1603 factis
1253 1563 1421 1618 dignum
1449 1571 1487 1604 te
1516 1565 1594 1604 dici

273 1630 431 1683 potest?

113 1697 214 1741 Quae
234 1710 300 1737 me
320 1703 361 1737 et
379 1702 418 1737 te
439 1703 479 1737 et
497 1697 692 1737 familiam
713 1698 938 1747 dedecoras,
961 1698 1043 1738 filio
1062 1698 1215 1739 luctum
1234 1713 1362 1753 paras.

110 1763 217 1803 Tum
237 1770 385 1814 autem,
407 1779 458 1804 ex
477 1765 616 1804 amicis
635 1765 787 1804 inimici
806 1771 852 1804 ut
871 1766 951 1805 sint
969 1766 1084 1805 nobis
1103 1766 1256 1816 affines,
1277 1768 1397 1807 facis:

111 1830 191 1874 Qui
209 1830 323 1870 illum
343 1831 556 1870 decrerunt
576 1831 755 1884 dignum,
778 1846 870 1872 suos
890 1833 954 1872 cui
972 1833 1118 1873 liberos
1139 1835 1447 1874 committerent,
1541 1839 1589 1876 15

113 1897 176 1936 Tu
196 1897 279 1937 sola
298 1912 475 1947 exorere,
500 1912 590 1952 quae
609 1899 817 1952 perturbes
835 1899 936 1948 haec,
958 1906 1028 1939 tua
1047 1900 1331 1953 imprudentia.

113 1965 178 2004 So.
219 1965 379 2018 Egon’?
437 1965 511 2005 LA.
544 1966 618 2014 Tu,
640 1966 818 2019 inquam,
840 1966 995 2016 mulier,
1019 1981 1109 2020 quae
1129 1982 1194 2007 me
1216 1969 1381 2010 omnino
1402 1969 1589 2023 lapidem,

274 2045 356 2070 non
375 2031 581 2071 hominem
602 2038 730 2085 putas.

110 2099 190 2148 An,
213 2099 307 2152 quia
324 2100 407 2139 ruri
426 2113 511 2139 esse
531 2100 667 2139 crebro
687 2100 805 2149 soleo,
827 2101 980 2140 nescire
999 2102 1262 2152 arbitramini,

110 2165 200 2210 Quo
220 2165 386 2219 quisque
405 2172 524 2219 pacto
543 2166 608 2205 hic
629 2165 753 2205 vitam
774 2172 997 2207 vostrorum
1018 2168 1182 2221 exigat?

111 2231 243 2271 Multo
263 2231 405 2272 melius
423 2232 488 2272 hic
510 2246 600 2285 quae
620 2232 733 2281 fiunt,
755 2247 876 2286 quarn
897 2233 966 2282 illi,
988 2235 1058 2274 ubi
1077 2249 1166 2274 sum
1186 2235 1354 2286 assidue,
1376 2236 1458 2276 scio
1476 2251 1484 2275 :
1538 2239 1590 2276 20

111 2299 208 2339 Ideo
229 2299 333 2353 quia,
354 2306 400 2339 ut
418 2314 488 2339 vos
508 2300 616 2339 domi
635 2300 735 2339 mihi
755 2301 875 2350 eritis,
896 2302 1063 2355 proinde
1084 2316 1159 2356 ego
1179 2317 1246 2343 ero
1264 2304 1373 2344 fama
1392 2304 1500 2346 foris.

68 2376 71 2381 “
111 2367 137 2407 J
139 2367 361 2420 ampridem
382 2367 569 2420 equidem
590 2368 736 2416 audivi,
758 2368 908 2421 cepisse
928 2369 1065 2409 odium
1085 2370 1144 2409 tui
1164 2369 1470 2411 Philumenam:

112 2434 363 2488 Minimeque
384 2434 484 2474 adeo
504 2435 674 2484 mirum3
707 2441 758 2485 et,
779 2436 823 2475 ni
841 2436 884 2475 id
901 2436 1070 2486 fecisset,
1091 2438 1220 2491 magis
1239 2438 1387 2479 mirum
1405 2439 1520 2479 foret.

113 2502 192 2542 Sed
209 2515 290 2541 non
311 2501 461 2542 credidi
481 2502 592 2550 adeo,
614 2507 660 2541 ut
679 2502 801 2542 etiam
822 2508 948 2543 totam
967 2503 1072 2544 hanc
1093 2504 1240 2545 odisset
1258 2505 1423 2546 domum
1441 2521 1449 2545 :

113 2568 230 2612 Quod
249 2568 282 2608 si
301 2569 474 2617 scissem,
495 2568 564 2608 illa
582 2569 648 2609 hic
667 2576 850 2609 maneret
867 2571 1009 2624 potius,
1032 2578 1077 2611 tu
1095 2572 1190 2612 hinc
1209 2573 1305 2613 isses
1324 2574 1442 2613 foras.
1537 2577 1587 2614 25

113 2633 171 2673 At
187 2635 290 2684 vide,
313 2649 433 2688 quam
452 2636 653 2675 immerito
673 2636 869 2689 aegritudo
891 2637 979 2677 haec
1000 2638 1126 2678 oritur
1144 2639 1202 2680 mi
1221 2639 1291 2679 abs
1311 2645 1363 2688 te,
1386 2641 1562 2680 Sostrata
1580 2656 1587 2679 :

115 2701 198 2742 Rus
215 2702 439 2744 habitatum
459 2703 550 2752 abii,
573 2704 796 2744 concedens
815 2705 927 2745 vobis
947 2711 988 2745 et
1006 2706 1064 2745 rei
1084 2707 1285 2756 serviens;

116 2769 276 2809 Sumtus
294 2775 447 2810 vostros
466 2771 670 2825 otiumque
689 2777 736 2811 ut
754 2778 888 2812 nostra
905 2786 968 2812 res
986 2779 1121 2827 posset
1138 2774 1233 2828 pati,

117 2834 213 2875 Meo
230 2835 356 2876 labori
374 2836 484 2876 haud
501 2851 681 2891 parcens,
702 2844 850 2891 praeter
868 2852 1027 2892 aequom
1048 2845 1168 2894 atque
1187 2845 1348 2880 aetatem
1368 2854 1513 2881 meam.

120 2901 221 2946 Non,
234 2908 272 2943 te
291 2918 364 2959 pro
381 2903 444 2944 his
463 2919 620 2947 curasse
639 2906 768 2955 rebus,
789 2919 842 2948 ne
863 2906 960 2962 quid
978 2920 1084 2959 aegre
1105 2913 1208 2947 esset
1227 2907 1356 2946 mihi?
1539 2910 1592 2948 30
