1670 3080
145 94 205 140 21
215 92 243 140 6
773 110 1014 142 Pflonmo.

144 198 225 238 Dr„
267 193 330 234 In’
349 192 443 232 hine
462 192 611 232 malam
629 206 714 232 rem
734 207 824 233 cum
844 194 941 234 istac
960 193 1270 247 magnificentia*

147 261 330 313 Fugitive
347 260 355 299 !
387 260 606 299 etiamnum
627 261 764 309 credis,
787 267 824 300 te
843 261 1073 313 ignorarier,

146 328 232 365 Aut
250 332 319 365 tua
336 326 441 365 facta
460 325 588 364 adeo?
671 325 746 364 ΡΗ.
788 326 936 365 Irritor.
1022 327 1101 365 Da.
1140 327 1255 366 Tune
1275 326 1380 367 hanc
1400 327 1576 378 duceres,

147 393 188 431 Si
207 393 279 431 tibi
298 393 390 431 data
409 392 538 430 esset?
621 391 696 430 Pu.
737 393 815 431 Fac
835 393 1039 445 periclum.
1124 394 1204 433 Dn.
1243 394 1299 433 Ut
1316 394 1421 434 filius
1555 397 1611 435 4⁰

148 460 248 498 Cum
269 458 336 497 illa
354 458 506 496 habitet
525 457 631 510 apud
650 463 699 503 te,
719 458 794 496 hoc
815 468 991 498 vostrum
1012 459 1221 498 consilium
1239 459 1326 499 fuit.

147 525 223 563 Pu.
264 526 420 571 Quaeso,
443 523 537 575 quid
557 537 693 562 narras
708 524 723 562 ’ἒ
807 523 884 562 ΒΕ.
925 525 1031 568 Quin
1048 530 1091 563 tu
1109 525 1166 563 mi
1184 531 1394 578 argentum
1409 525 1519 567 cedo.

147 591 223 628 Pu.
265 590 395 628 Immo
415 602 508 627 vero
527 602 692 627 uxorem
712 595 756 627 tu
775 589 883 628 cedo.
968 590 1047 628 DE.
1090 590 1139 629 In
1152 590 1219 643 jus
1238 590 1410 631 ambula.

148 656 224 693 Pa.
264 654 479 693 Enimvero
500 653 531 692 si
550 667 666 706 porro
686 668 769 693 esse
789 654 911 693 odiosi
932 655 1152 707 pergitis—-

148 722 227 760 DE.
267 721 374 765 Quid
391 720 541 759 facies?
623 720 698 759 Pu.
739 721 907 773 Egone?
935 735 1005 760 vos
1024 735 1089 760 me
1109 721 1296 762 indotatis
1315 723 1434 763 modo
1558 725 1609 763 45

147 787 391 826 Patrocinari
410 786 571 825 fortasse
592 786 859 825 arbitramini:

147 853 281 891 Etiam
300 852 443 891 dotatis
462 852 579 891 soleo.
665 852 739 891 CH.
780 852 886 896 Quid
905 852 946 891 id
964 853 1128 891 nostra?
1210 853 1285 892 Pu.
1326 853 1462 894 Nihil:

149 920 229 960 Hic
248 921 448 973 quandam
469 933 618 968 noram,
640 919 751 971 cujus
771 919 830 957 vir
850 932 1070 958 uxorem—
1112 919 1186 959 Cn.
1209 920 1343 960 Hem!
1402 921 1480 961 De.
1503 921 1609 966 Quid

309 992 368 1026 est
381 987 396 1026 ἲ

149 1053 225 1092 Pa.
266 1052 409 1092 Lemni
428 1052 566 1092 habuit
585 1051 715 1091 aliam.
775 1053 849 1092 Cn.
881 1052 1025 1092 Nullus
1045 1066 1145 1092 sum.
1204 1053 1280 1093 Pu.
1306 1053 1369 1093 Ex
1388 1067 1467 1107 qua
1485 1053 1607 1094 filiam

149 1119 354 1172 Suscepit:
386 1124 425 1158 et
444 1132 532 1157 eam
553 1118 655 1158 clam
677 1118 831 1157 educat.
917 1119 991 1158 cn.
1032 1119 1216 1172 Sepultus
1236 1134 1336 1160 sum.
1555 1127 1608 1166 50

148 1185 224 1223 Pu.
265 1185 367 1223 Haec
387 1184 485 1223 adeo
506 1197 579 1236 ego
598 1183 655 1222 illi
668 1184 753 1236 jam
774 1183 1004 1224 denarrabo.
1091 1185 1165 1225 Cn.
1207 1186 1394 1240 Obsecro,

148 1251 212 1290 Ne
231 1250 363 1289 facias.
449 1250 525 1288 Pu.
566 1248 653 1288 Oh!
685 1255 779 1287 tune
798 1249 831 1288 is
852 1250 966 1288 eras?
1049 1250 1128 1294 DE·
1167 1255 1224 1294 Ut
1241 1255 1356 1295 ludos
1373 1257 1479 1297 facit.

148 1317 223 1356 Cn.
264 1317 433 1356 Missum
454 1321 492 1355 te
511 1316 689 1355 facimus.
776 1316 852 1357 ΡΗ.
893 1316 1067 1359 Fabulae.
1153 1321 1228 1361 Cu.
1264 1323 1372 1367 Quid
1389 1324 1448 1364 vis
1467 1324 1565 1365 tibi?

148 1383 385 1434 Argentum,
408 1381 512 1434 quod
532 1381 666 1430 habes,
684 1384 953 1423 condonamus
973 1391 1023 1424 te.
1082 1386 1158 1426 Pu.
1198 1387 1344 1428 Audio.

148 1449 256 1493 Quid
275 1463 355 1497 vos,
376 1449 539 1498 malum,
563 1463 655 1502 ergo
675 1464 738 1489 me
759 1450 814 1490 sic
833 1450 1105 1502 ludificamini,
1555 1460 1607 1498 55

148 1516 280 1569 Inepti
300 1522 430 1555 vostra
449 1516 590 1570 puerili
610 1517 835 1556 sententia?

146 1582 264 1631 Nolo,
286 1583 400 1621 volo:
431 1583 531 1631 volo,
554 1583 647 1622 nolo
666 1597 846 1623 rursum:
878 1599 987 1638 cape,
1009 1586 1130 1626 cedo:

146 1650 264 1693 Quod
283 1650 444 1698 dictum,
466 1650 735 1688 indictum’st:
768 1651 872 1703 quod
891 1653 1009 1691 modo
1028 1658 1157 1693 ratum
1178 1659 1273 1704 erat,
1295 1655 1511 1700 irritum’st.

147 1715 222 1753 Cn.
263 1716 353 1758 Quo
371 1721 488 1767 pacto
507 1720 576 1754 aut
593 1715 700 1754 unde
719 1715 808 1755 haec
828 1716 893 1756 hic
912 1718 1099 1758 rescivit?
1154 1720 1233 1760 De.
1273 1721 1431 1772 Nescio,

146 1781 235 1820 Nisi
254 1795 318 1820 me
339 1782 485 1821 dixisse
505 1782 668 1830 nemini,
690 1782 730 1821 id
751 1788 856 1821 certo
877 1783 969 1822 scio.
1555 1794 1608 1831 60

146 1848 221 1886 cn.
262 1848 444 1897 Monstri,
466 1849 521 1887 ita
539 1863 603 1888 me
625 1849 679 1888 Di
698 1855 844 1898 ament,
866 1850 1006 1890 simile,
1104 1852 1179 1892 ΡΒ.
1219 1852 1346 1908 Injeci
1365 1857 1606 1911 scrupulum.

306 1915 385 1953 DE.
427 1915 534 1954 Hem
551 1915 560 1953 !

145 1979 314 2019 Hiccine
335 1986 378 2018 ut
398 1994 422 2019 a
439 1981 552 2019 nobis
572 1986 725 2018 tantum
745 1980 819 2020 hoc
840 1982 994 2034 argenti
1014 1983 1176 2032 auferat,

143 2047 245 2086 Tam
264 2053 397 2099 aperte
417 2047 610 2085 irridens?
639 2047 763 2085 emori
782 2046 914 2086 hercle
935 2049 1056 2088 satius
1076 2056 1157 2088 est:

144 2114 293 2153 Animo
313 2114 414 2153 virili
434 2114 697 2166 praesentique
718 2119 762 2152 ut
782 2114 844 2162 sis,
866 2123 974 2166 para.

143 2181 266 2219 Vides
285 2186 491 2233 peccatum
512 2186 624 2220 tuum
644 2180 718 2219 hoc
739 2193 821 2219 esse
842 2179 990 2220 elatum
1008 2180 1138 2222 foras:
1487 2221 1491 2224 ,
1552 2194 1602 2232 65

144 2247 287 2299 Neque
301 2247 387 2299 jam
408 2247 535 2286 celare
555 2247 596 2285 id
615 2261 728 2299 posse
748 2252 786 2286 te
805 2260 972 2286 uxorem
993 2254 1126 2288 tuam:

145 2314 278 2360 Nunc,
301 2313 405 2365 quod
423 2313 508 2365 ipsa
527 2326 577 2351 ex
597 2312 682 2351 aliis
701 2312 883 2352 auditura
902 2313 963 2362 sit,
986 2314 1167 2365 Chreme,

145 2378 194 2417 Id
213 2384 368 2417 nosmet
385 2379 559 2418 indicare
578 2378 807 2431 placabilius
827 2385 897 2418 est.

144 2445 246 2483 Tum
267 2445 373 2484 hunc
393 2444 633 2497 impuratum
652 2445 869 2497 poterimus
889 2452 1023 2486 nostro
1042 2449 1161 2489 modo

144 2511 347 2551 Ulciscier.
434 2512 508 2550 Pu.
549 2512 674 2559 Anat,
696 2512 772 2550 nisi
790 2513 846 2551 mi
865 2515 1071 2567 prospicio,
1091 2515 1224 2557 haereo
1237 2532 1260 2566 :7
1550 2524 1600 2566 70

144 2579 202 2618 Hi
221 2578 452 2630 gladiatorio
471 2578 604 2617 animo
624 2579 674 2617 ad
692 2593 756 2617 me
776 2578 962 2619 affectant
981 2581 1098 2621 viam.

144 2646 219 2684 Cn.
260 2645 316 2683 At
334 2658 483 2692 vereor,
504 2652 550 2684 ut
567 2645 715 2698 placari
734 2646 867 2698 possit.
952 2647 1031 2687 DE.
1071 2649 1183 2688 Bono
1203 2650 1337 2691 animo
1355 2665 1422 2692 es:

142 2711 230 2763 Ego
247 2710 426 2762 redigam
445 2725 514 2750 vos
533 2711 574 2749 in
593 2711 762 2763 gratiam
779 2725 788 2759 3
819 2711 894 2751 hoc
913 2713 1048 2760 fretus,
1071 2714 1251 2764 Chreme,

143 2778 243 2817 Cum
264 2792 285 2817 e
303 2778 435 2817 medio
454 2778 632 2827 excessit,
652 2778 759 2818 unde
778 2778 865 2818 haec
885 2781 1128 2833 suscepta’st,
1149 2782 1232 2822 tibi.
