1670 3080
568 61 727 94 Ac'rns
764 60 798 92 1.
869 60 1033 93 SCENA
1069 61 1125 92 11.
1487 43 1578 92 187

111 148 237 189 Modo
254 153 300 188 ut
318 154 448 189 tacere
466 150 602 203 possis.
688 149 770 188 DA.
810 147 892 187 Abi
911 148 975 205 sis,
996 147 1169 187 insciens
1186 161 1195 187 :
1254 151 1262 160 ¹
1281 136 1331 173 ‘³⁷¹4
1372 145 1402 163 ¹*
1414 151 1457 169 ”0

111 216 232 269 Cujus
250 221 295 256 tu
313 216 434 256 fidem
453 217 495 257 in
514 217 686 270 pecunia
703 215 964 269 perspexeris,
1528 219 1580 255 10

113 283 259 323 Verere
279 283 400 324 verba
420 284 457 323 ei
476 285 669 325 credere?
694 283 765 322 ubi
784 283 882 335 quid
900 282 1000 322 mihi
1018 282 1119 322 lucri
1138 287 1198 322 est

109 349 166 390 Te
185 349 351 390 fallere?
426 351 504 390 Gn.
544 352 651 404 Ergo
670 350 862 390 ausculta.
940 350 1021 389 DA.
1062 350 1182 389 Hanc
1203 363 1364 403 operam
1385 349 1457 390 tibi
1476 350 1577 390 dico.

109 417 187 456 Gn.
228 416 341 456 Senis
360 417 494 465 nostri,
517 418 644 465 Dave,
665 417 827 456 fratrem
847 416 1039 470 majorem
1061 415 1261 455 Chremen

107 481 308 522 Nostine?
363 482 443 521 DA.
483 482 664 527 Quidni?
749 483 827 522 GE.
867 481 1004 526 Quid?
1032 481 1117 534 ejus
1136 487 1276 521 natum
1298 481 1552 521 Phaedriam?

106 547 187 587 DA.
226 548 340 597 Tam,
363 561 483 601 quam
502 554 553 587 te.
641 549 718 588 Gn.
759 548 906 588 Evenit
925 548 1084 587 senibus
1103 548 1297 588 ambobus
1316 547 1445 597 simul,
1527 550 1575 587 15

106 614 189 654 Iter
207 613 264 653 illi
282 615 325 654 in
347 615 546 654 Lemnum
565 621 611 654 ut
630 621 743 664 esset,
764 620 900 654 nostro
919 615 960 654 in
983 615 1163 654 Ciliciam

105 682 173 721 Ad
190 681 389 735 hospitem
409 682 613 735 antiquom
633 696 641 721 :
671 682 704 720 is
724 695 860 721 senem
880 695 952 734 per
971 681 1157 735 epistolas

105 748 285 798 Pellexit,
307 748 427 788 modo
445 762 527 788 non
546 754 702 788 montes
721 749 807 788 auri
825 748 1028 801 pollicens.
1397 800 1407 809 ἃ

103 815 184 855 ΒΑ.
225 815 299 855 Cui
318 821 430 855 tanta
449 821 533 855 erat
551 829 625 864 τρε,
648 821 687 855 et
705 816 936 868 supererat?
1022 816 1100 855 Gn.
1140 815 1311 855 Desinas
1326 830 1340 854 ,-
1364 821 1436 887 ίξξ,
1456 811 1530 852 {In-⁵
1588 828 1604 845 ιι
1617 834 1628 844 1
1641 834 1653 843 a

1326 863 1372 885 ..L

1462 863 1549 882 Ll'sx
1585 867 1643 883 (ιι

102 880 166 920 Sic
187 886 246 919 est
264 881 483 934 ingenium.
570 881 649 920 DA.
690 880 778 920 Oh!
808 894 945 933 regem
964 894 1029 920 me
1050 895 1134 921 esse
1154 876 1344 935 oportuit:
1388 911 1414 943 ί,
1436 929 1440 936 ³
1457 925 1460 932 Ι
1509 877 1592 931 20
1661 928 1665 937 .

103 948 180 988 Gn.
220 947 428 988 Abeuntes
448 948 565 987 ambo
583 947 679 987 hinc
698 954 784 987 tum
803 962 918 988 senes
936 962 1002 988 me
1023 948 1113 988 filiis

102 1014 346 1067 Relinquont
365 1014 476 1067 quasi
495 1016 741 1068 magistrum.
800 1015 880 1055 DA.
922 1017 958 1055 O
980 1017 1095 1065 Geta,
1116 1016 1365 1070 provinciam

102 1079 249 1134 Cepisti
269 1081 422 1120 duram.
510 1079 588 1120 Gn'.
630 1081 692 1120 Mi
711 1095 804 1120 usus
823 1082 944 1131 venit,
967 1081 1043 1122 hoc
1065 1083 1146 1122 scio
1163 1097 1171 1122 ε

102 1146 283 1196 Memini,
305 1147 475 1201 relinqui
494 1162 570 1197 me,
593 1149 681 1188 Deo
701 1149 800 1188 irato
820 1163 924 1189 meo.

101 1212 214 1265 Coepi
233 1213 434 1252 advorsari
452 1214 581 1267 primo
598 1229 606 1253 :
638 1215 734 1267 quid
754 1216 883 1254 verbis
902 1216 1081 1269 opus'st?
1519 1222 1570 1259 25

101 1279 268 1319 Senibus
287 1280 414 1320 fidelis
433 1280 530 1320 dum
550 1295 650 1332 sum,
673 1282 855 1335 scapulas
874 1283 1041 1335 perdidi.

102 1345 257 1385 Venere
277 1347 319 1386 in
337 1352 514 1386 mentem
533 1339 590 1386 mi
608 1347 746 1387 isthaec
763 1363 772 1387 ε
802 1362 977 1402 namque
996 1350 1214 1400 inscitia’st,

101 1412 328 1460 Advorsum
349 1413 554 1452 stimulum
574 1413 700 1454 calces
717 1429 726 1453 :
756 1415 863 1469 coepi
882 1415 929 1455 iis
949 1416 1085 1456 omnia

99 1477 258 1526 Facere,
281 1477 456 1530 obsequi,
478 1492 567 1530 quae
587 1477 746 1517 vellent.
833 1479 1070 1547 DA4Scisti
1089 1480 1147 1520 uti
1165 1481 1305 1549 foro*
1319 1483 1356 1536 j>
1374 1467 1429 1526 is‘w
1454 1487 1470 1523 52·
1548 1494 1569 1507 -'
1607 1489 1644 1502 ’τ’

99 1545 177 1584 Gn.
218 1545 365 1584 Noster
383 1544 478 1584 mali
498 1545 555 1584 nil
575 1545 789 1598 quicquam
807 1546 938 1599 primo
955 1561 964 1586 z
993 1547 1060 1587 hic
1082 1547 1267 1589 Phaedria
1317 1538 1319 1542 Α
1515 1554 1568 1590 30

98 1612 297 1651 Continuo
317 1612 519 1665 quandam
537 1618 678 1652 nactus
698 1618 758 1651 est
774 1613 993 1666 puellulam

97 1678 385 1718 Citharistriam
402 1693 411 1718 :
442 1678 546 1718 hanc
567 1693 700 1718 amare
721 1680 844 1732 coepit
861 1681 1029 1733 perdite.

96 1746 157 1786 Ea
176 1746 371 1786 serviebat
388 1746 522 1786 lenoni
540 1746 808 1799 impurissimo
825 1761 834 1785 :

96 1812 250 1866 Neque,
273 1812 378 1865 quod
398 1812 558 1852 daretur
577 1813 816 1865 quicquam3
846 1813 890 1853 id
908 1821 1096 1855 curarant
1113 1822 1259 1870 patres.

95 1879 287 1918 Restabat
306 1878 414 1918 aliud
432 1878 500 1927 nil,
523 1877 599 1917 nisi
619 1878 754 1918 oculos
771 1892 947 1931 pascere,
1512 1888 1565 1927 35

96 1945 256 1992 Sectari,
277 1944 319 1983 in
339 1943 478 1983 ludum
497 1943 654 1992 ducere,
676 1949 716 1983 et
733 1945 963 1985 redducere.

95 2010 178 2049 Nos
198 2010 311 2050 otiosi
331 2023 491 2063 operam
510 2009 703 2050 dabamus
724 2010 933 2051 Phaedriae.

95 2077 144 2117 In
165 2090 242 2130 quo
259 2076 347 2118 haec
367 2076 543 2115 discebat
560 2075 666 2126 ludo,
689 2078 951 2118 exadvorsum
973 2080 1009 2119 ei
1027 2079 1115 2121 loeo

93 2142 306 2182 Tonstrina
324 2147 409 2181 erat
427 2142 625 2195 quaedam.
683 2143 765 2183 Hic
784 2143 1008 2186 solebamus
1025 2147 1109 2187 fere

93 2207 331 2261 Plerumque
352 2221 440 2247 eam
460 2208 651 2261 opperiri,
665 2209 761 2248 dum
779 2210 874 2250 inde
892 2211 967 2251 iret
985 2212 1162 2255 domum.
1513 2228 1566 2264 40

94 2275 254 2316 Interea
271 2275 368 2315 dum
388 2275 571 2315 sedemus
589 2275 659 2326 illi,
680 2276 897 2318 intervenit

93 2341 340 2381 Adulescens
360 2341 521 2393 quidam
540 2341 766 2396 lacrymans
783 2358 791 2383 ε
821 2358 893 2384 nos
911 2346 1105 2388 mirarier.

94 2407 299 2460 Rogamus
318 2406 414 2459 quid
433 2407 507 2447 sit:
540 2411 565 2430 “
579 2421 789 2462 nunquam
807 2424 934 2463 aeque,
954 2412 1097 2467 inquit,
1119 2428 1165 2456 ac
1184 2417 1318 2466 modo,

94 2473 312 2527 Paupertas
329 2472 429 2512 mihi
448 2486 551 2512 onus
570 2474 655 2514 visa
675 2481 735 2514 est
754 2482 794 2515 et
811 2477 1003 2518 miserum
1024 2486 1064 2520 et
1081 2494 1216 2534 grave.

94 2540 219 2587 Modo
238 2539 440 2593 quandam
459 2539 541 2579 vidi
559 2540 757 2593 virginem
776 2541 842 2582 hic
861 2543 1019 2585 viciniae
1508 2557 1559 2593 >15

95 2605 298 2655 Miseram,
318 2619 431 2646 suam
450 2612 621 2647 matrem
638 2608 853 2651 lamentari
871 2617 1069 2652 mortuam
1086 2628 1095 2653 :

96 2673 157 2712 Ea
175 2673 249 2712 sita
268 2678 353 2712 erat
370 2673 656 2714 exadvorsum:
687 2688 818 2729 neque
839 2676 896 2716 illi
913 2678 1167 2730 benevolens,

98 2739 238 2793 Neque
258 2745 375 2780 notus
394 2754 524 2794 neque
545 2747 740 2794 cognatus
759 2744 872 2783 extra
888 2758 1010 2785 unam
1032 2746 1235 2789 aniculam
