1670 3080
132 157 228 206 130
737 175 978 212 ADELPHI.

123 262 245 303 Dedit
263 267 456 316 praeterea
473 262 515 302 in
535 269 723 313 sumtum,
745 263 956 304 dimidium
974 262 1095 304 minae
1111 277 1122 303 t

123 330 173 370 Id
191 330 443 370 distributum
463 344 557 370 sane
578 336 636 370 est
655 345 706 370 ex
724 332 934 371 sententia.
1021 332 1099 370 Dss.
1141 328 1277 370 Hem!

123 397 232 438 Huic
251 398 429 446 mandes,
451 398 483 437 si
503 398 598 451 quid
616 404 723 438 recte
744 405 925 438 curatum
945 398 1056 437 velis.

122 465 190 504 SY.
231 465 360 504 Ehem
376 465 385 504 !
418 466 583 514 Demea,
605 465 714 505 haud
733 478 964 519 aspexeram
984 470 1022 504 te
1041 479 1049 503 τ
1080 463 1176 517 quid
1195 464 1355 517 agitur?

121 531 201 571 Da.
241 531 349 576 Quid
367 532 538 584 agatur?
565 537 739 571 vostram
758 545 914 584 nequeo
934 530 1070 570 mirari
1089 530 1183 570 satis
1535 532 1589 570 20

122 598 355 638 Rationem.
442 599 509 638 SY.
551 598 623 637 Est
640 598 773 638 hercle
793 598 941 651 inepta,
963 611 1014 636 ne
1034 597 1165 636 dicam
1184 596 1287 646 dolo,
1309 602 1426 650 atque

121 666 318 705 Absurda.
378 665 511 705 Pisces
531 672 681 705 ceteros
700 679 838 719 purga,
861 666 1013 705 Dromo
1030 679 1038 703 :

121 733 325 785 Congrum
345 733 465 772 istum
483 746 719 772 maxumum
738 732 780 771 in
800 746 904 785 aqua
923 732 1040 771 sinito
1058 731 1195 772 ludere

122 799 352 853 Paulisper:
391 800 460 839 ubi
480 814 554 853 ego
573 813 731 849 venero,
754 799 999 839 exossabitur
1016 813 1025 838 :

121 867 235 907 Prius
253 867 358 907 nolo.
449 868 527 907 Da.
577 867 771 907 Haeccine
790 867 943 920 flagitia
956 889 1009 896 —
1028 867 1044 905 ’ἱ
1128 866 1194 906 8Υ.
1245 866 1308 905 Mi
1328 865 1487 918 quidem
1507 880 1588 906 non

282 934 443 989 placent
460 949 468 974 ι
1535 936 1587 973 25

120 1001 173 1040 Et
191 1000 319 1041 clamo
339 1015 456 1054 saepe.
517 1001 765 1041 Salsamenta
782 1001 881 1050 haec,
905 1001 1134 1054 Stephanio,

119 1068 199 1108 Fac
219 1075 470 1109 macerentur
488 1068 664 1121 pulchre.
751 1068 829 1107 DE.
870 1068 924 1107 Di
943 1073 1117 1108 vostram
1139 1068 1260 1108 fidem
1276 1068 1286 1107 !

117 1135 263 1175 Utrum
283 1136 464 1175 studione
484 1136 525 1175 id
544 1136 617 1175 sibi
636 1136 768 1184 habet,
790 1150 841 1175 an
860 1135 969 1175 laudi
988 1141 1103 1189 putat

117 1201 230 1249 Fore,
252 1200 283 1240 si
302 1201 517 1254 perdiderit
534 1201 733 1254 gnatum?
760 1214 822 1240 vae
842 1201 987 1240 misero
1006 1201 1118 1249 mihi,

117 1267 265 1307 Videre
284 1268 421 1308 videor
433 1268 519 1322 jam
540 1269 646 1307 diem
665 1268 790 1317 illum,
813 1283 904 1308 cum
924 1269 1018 1308 hinc
1039 1282 1161 1322 egens
1535 1270 1590 1308 30

117 1333 321 1387 Profugiet
340 1334 472 1388 aliquo
490 1334 717 1374 militatum.
804 1335 870 1374 ΒΥ.
913 1336 948 1374 Ο
970 1335 1136 1383 Demea,
1667 1326 1670 1327 ⁷

117 1400 226 1440 Istuc
246 1407 305 1440 est
324 1415 473 1454 sapere,
497 1415 577 1440 non
599 1401 705 1454 quod
724 1407 816 1440 ante
835 1401 958 1455 pedes
977 1402 1148 1441 modo’st

116 1468 276 1517 Videre,
298 1469 367 1508 sed
387 1468 508 1508 etiam
528 1468 608 1516 illa,
630 1482 720 1520 quae
740 1468 874 1507 futura
894 1473 997 1517 sunt,
1664 1452 1670 1526 Ξ

115 1535 356 1588 Prospicere.
442 1535 520 1574 Dr..
562 1534 699 1579 Quid?
726 1535 835 1574 istaec
849 1535 936 1587 jam
956 1549 1079 1588 penes
1098 1549 1168 1575 vos
1187 1535 1350 1589 psaltria
1369 1536 1454 1576 est?
1664 1527 1670 1546 '³

115 1604 181 1642 SY.
215 1603 346 1642 Ellam
366 1603 485 1642 intus.
545 1602 622 1641 DE.
656 1602 755 1650 Eho,
777 1616 829 1641 an
850 1608 909 1641 est
928 1602 1035 1642 domi
1053 1602 1291 1643 habiturus?
1347 1603 1414 1642 Sr.
1437 1603 1583 1644 Credo:
1658 1586 1670 1675 ἐ

276 1674 321 1707 ut
341 1674 400 1708 est
1532 1673 1583 1709 3⁵

113 1736 340 1775 Dementia.
428 1735 505 1775 DE.
547 1734 743 1774 Haeccine
763 1734 848 1774 fieri
864 1736 879 1774 ’ἲ
963 1737 1030 1775 Sv.
1072 1736 1216 1790 Inepta
1233 1735 1377 1778 lenitas
1654 1675 1670 1802 ἱ

113 1804 252 1852 Patris,
276 1809 315 1842 et
334 1803 502 1843 facilitas
521 1816 655 1856 prava.
741 1803 821 1842 Dn.
863 1803 1010 1842 Fratris
1029 1818 1094 1843 me
1114 1804 1276 1857 quidem

113 1871 242 1910 Pudet
259 1870 461 1923 pigetque.
548 1870 615 1908 ΞΥ.
656 1869 839 1908 Nimium
859 1869 963 1909 inter
982 1884 1062 1919 vos,
1085 1871 1253 1920 Demea,
1274 1885 1322 1911 ac

112 1938 207 1976 Non
229 1937 322 1989 quia
342 1936 436 1976 ades
456 1950 631 1989 praesens
650 1936 740 1975 dico
759 1936 846 1984 hoe,
866 1936 1111 1988 pernimium
1130 1937 1306 1978 interest.

110 2005 184 2054 Tu,
208 2009 380 2057 quantus
399 2010 582 2056 quantus,
604 2003 663 2041 nil
681 2003 758 2042 nisi
779 2003 972 2056 sapientia
991 2017 1055 2043 es:
1529 2008 1583 2046 40

111 2071 197 2119 Ille,
219 2070 442 2110 somnium:
474 2069 622 2108 sineres
643 2082 736 2108 vero
755 2068 868 2107 illum
889 2074 931 2108 tu
951 2074 1064 2108 tuum

111 2138 257 2177 Facere
277 2137 396 2177 haec'?
480 2137 558 2175 Dr..
600 2136 780 2175 Sinerem
799 2136 942 2176 illum?
969 2143 1039 2176 aut
1058 2150 1139 2176 non
1159 2151 1230 2177 sex
1249 2138 1342 2183 totis
1359 2139 1563 2180 mensibus

110 2204 225 2244 Prius
244 2204 477 2251 olfecissem,
500 2216 620 2257 quam
639 2202 706 2243 ille
726 2203 940 2255 quicquam
960 2204 1165 2256 coeperet?
1627 2199 1630 2202 ’
1668 2199 1670 2201 ’

110 2273 176 2311 SY.
219 2272 479 2324 Vigilantiam
499 2277 608 2310 tuam
628 2271 713 2310 tun'
732 2270 862 2309 mihi?
945 2270 1025 2310 Da.
1067 2271 1131 2311 Sic
1150 2271 1201 2311 sit
1219 2272 1351 2322 modo,
1647 2316 1649 2318 ,

108 2339 165 2378 Ut
183 2352 291 2378 nunc
312 2343 382 2386 est,
405 2351 552 2391 quaeso.
630 2337 697 2376 SY.
737 2336 793 2375 Ut
812 2336 977 2389 quisque
997 2350 1112 2376 suum
1132 2336 1216 2376 volt
1234 2351 1332 2387 esse,
1352 2338 1468 2379 ita‘st.
1525 2342 1578 2380 45
1646 2364 1665 2395 st

108 2406 188 2445 Da.
229 2405 336 2450 Quid
355 2405 477 2444 eum?
505 2403 680 2443 vidistin’
699 2401 847 2442 hodie?
931 2403 998 2442 SY.
1040 2403 1226 2443 Tuumne
1245 2403 1404 2444 filium?
1641 2400 1654 2418 ‘²

107 2473 284 2525 Abigam
305 2472 412 2511 hunc
433 2485 499 2510 rus
516 2486 524 2510 :
550 2471 789 2523 jamdudum
808 2470 958 2524 aliquid
976 2471 1058 2512 ruri
1078 2485 1196 2524 agere
1215 2472 1395 2512 arbitror.
1646 2518 1651 2527 *A

107 2540 187 2579 Da.
228 2539 352 2578 Satin’
387 2539 461 2578 scis
497 2539 553 2578 ibi
590 2538 705 2578 esse?
788 2539 855 2577 Sv.
901 2538 965 2577 Oh
982 2539 991 2577 ἔ
1041 2552 1162 2591 quem
1199 2546 1358 2592 egomet
1393 2539 1575 2594 produxi.

272 2605 350 2644 DE.
391 2604 629 2658 Optume’st.
858 2655 866 2661 ⁴

108 2668 250 2720 Metui,
272 2685 323 2710 ne
342 2671 512 2710 haereret
530 2670 607 2710 hic.
694 2670 760 2709 SY.
801 2670 935 2722 Atque
954 2670 1100 2710 iratum
1120 2671 1349 2712 admodum.

108 2739 187 2778 Da.
209 2737 327 2786 Quid,
345 2738 508 2777 autem?
565 2737 632 2775 Sr.
655 2736 828 2775 Adortus
841 2735 975 2788 jurgio
995 2742 1054 2775 est
1071 2737 1235 2777 fratrem
1250 2737 1357 2791 apud
1370 2738 1501 2778 forum
1521 2741 1586 2779 50.
1669 2734 1670 2740 ¹

108 2805 171 2844 De
189 2805 352 2858 psaltria
369 2804 457 2843 hac.
542 2804 621 2843 DE.
661 2803 758 2842 Ain’
775 2803 901 2844 vero?
984 2803 1052 2843 εγ.
1093 2803 1208 2843 vah!
1238 2804 1296 2844 nil
1314 2805 1485 2846 reticuit.
1630 2793 1634 2804 ⁹

108 2871 227 2922 Nam,
248 2877 294 2910 ut
311 2870 595 2910 numerabatur
611 2869 712 2908 forte
732 2873 953 2922 argentum,
974 2869 1191 2909 intervenit
