1670 3080
562 510 1027 556 PROLOGUS.

700 679 872 686 ..-——.-—

58 800 198 840 Pomm
218 813 311 839 cum
329 799 506 853 primum
523 799 703 838 animum
722 798 775 838 ad
794 797 1048 838 scribendum
1067 798 1231 852 appulit,

58 866 107 906 Id
125 866 199 906 sibi
218 866 353 919 negoti
372 866 538 906 credidit
556 865 685 905 solum
702 866 799 915 dari,

58 932 210 986 Populo
229 937 274 971 ut
290 931 505 986 placerent,
529 944 628 985 quas
645 931 805 971 fecisset
823 930 988 971 fabulas.

58 999 209 1039 Verum
229 999 343 1039 aliter
361 999 519 1039 evenire
539 998 666 1038 multo
684 998 872 1051 intelligit
888 1013 896 1037 :

58 1063 166 1103 Nam
184 1064 227 1103 in
246 1063 418 1117 prologis
438 1062 658 1103 scribundis
678 1077 840 1117 operam
860 1062 1046 1110 abutitur,

58 1131 152 1170 Non
172 1130 240 1185 qui
263 1135 546 1184 argumentum
563 1135 710 1179 narret,
731 1130 801 1169 sed
821 1130 888 1183 qui
908 1129 1094 1170 malevoli

59 1197 214 1238 Veteris
231 1203 362 1251 poetae
381 1196 604 1236 maledictis
622 1196 870 1250 respondeat.

59 1263 190 1312 Nunc,
212 1277 332 1317 quam
351 1277 437 1303 rem
456 1263 553 1302 vitio
572 1263 679 1312 dent,
702 1276 849 1317 quaeso,
871 1263 1052 1303 animum
1072 1263 1278 1305 advortite.

60 1330 284 1371 Menander
300 1331 396 1370 fecit
414 1330 611 1370 Andriam
632 1336 672 1370 et
692 1329 939 1370 Perinthiam
957 1344 965 1369 :

60 1397 140 1442 Qui
157 1397 349 1437 utramvis
365 1403 472 1437 recte
491 1397 608 1446 norit,
629 1397 766 1436 ambas
785 1397 952 1436 noverit.

61 1462 154 1502 Non
172 1463 229 1502 ita
247 1461 428 1502 dissimili
447 1468 540 1502 sunt
558 1467 807 1515 argumento,
828 1467 1004 1502 attamen

61 1529 256 1569 Dissimili
276 1529 453 1570 oratione
472 1534 566 1568 sunt
583 1528 701 1568 factae
721 1542 767 1567 ac
787 1527 902 1580 stylo.

60 1597 163 1645 Quae
183 1609 416 1644 convenere,
435 1596 478 1634 in
499 1592 696 1635 Andriam
716 1609 767 1635 ex
788 1595 992 1635 Perinthia

62 1660 225 1701 Fatetur
243 1660 500 1708 transtulisse,
523 1667 642 1714 atque
660 1674 779 1702 usum
797 1674 869 1713 pro
889 1663 980 1701 suis.

63 1726 112 1766 ld
129 1726 195 1766 isti
214 1727 442 1780 vituperant
460 1726 611 1766 factum
626 1741 636 1776 3
667 1733 787 1780 atque
806 1727 849 1766 in
869 1741 916 1767 eo
935 1727 1152 1781 disputant,

63 1791 334 1831 Contaminari
353 1795 434 1830 nen
455 1791 593 1831 decere
612 1791 777 1831 fabulas.

63 1859 232 1898 Faciunt
249 1872 314 1898 nae
333 1857 606 1910 intelligendo,
628 1864 673 1897 ut
692 1858 794 1898 nihil
812 1859 1038 1913 intelligant
1052 1876 1062 1909 ;

61 1924 143 1970 Qui
162 1938 254 1964 cum
272 1924 381 1963 hunc
400 1930 602 1973 accusant,
625 1924 827 1974 Naeviuna,
852 1926 1052 1976 Plautum,
1075 1928 1254 1970 Ennium

62 1992 277 2040 Accusant‚
299 2005 397 2044 quos
415 1989 481 2030 hic
500 1995 635 2030 noster
653 1996 834 2031 auctores
853 1991 974 2033 habet
1006 2010 1014 2034 z

62 2056 242 2104 Quorum
261 2058 442 2098 aemulari
461 2063 624 2112 exoptat
642 2057 941 2111 negligentiam,

6 2166 12 2171 ,
63 2125 200 2165 Potius
210 2138 340 2179 quam
358 2125 524 2165 istorum
545 2125 755 2165 obscuram
776 2125 1038 2178 diligentiam.

64 2189 232 2239 Dehinc,
252 2196 298 2230 ut
317 2191 523 2244 quiescant
540 2205 669 2244 porro,
691 2204 847 2240 moneo,
870 2198 910 2231 et
929 2192 1114 2234 desinant

64 2255 305 2296 Maledicere
321 2271 330 2306 ;
361 2256 575 2298 malefacta
593 2270 645 2296 ne
665 2263 834 2296 noscant
852 2272 934 2297 sua.

65 2321 223 2370 Favete,
244 2322 377 2363 adeste
396 2336 513 2377 aequo
533 2323 680 2373 animo,
703 2329 743 2363 et
761 2338 847 2363 rem
868 2327 1106 2377 cognoscite,

65 2387 123 2427 Ut
135 2389 390 2443 pernoscatis,
413 2390 557 2443 ecquid
576 2390 660 2444 spei
681 2390 731 2429 sit
749 2390 948 2444 reliqiium
966 2407 975 2431 :

68 2453 234 2496 Posthac
254 2470 351 2510 quas
370 2457 490 2496 faciet
508 2457 557 2497 de
576 2458 733 2511 integro
753 2458 980 2508 comoedias,

33 2544 39 2549 -
69 2520 300 2575 Spectandae
319 2537 372 2563 an
391 2524 601 2577 exigendae
621 2524 702 2566 sint
720 2524 832 2564 vobis
851 2525 972 2579 prius.

1513 1067 1536 1103 ΕΠ

1491 1400 1541 1439 10

1492 1732 1540 1770 15

1493 2067 1546 2104 20

1494 2399 1545 2437 25
