1670 3080
508 141 666 173 Ac'rns
692 142 739 174 v.
808 143 971 174 SCENA
1009 144 1086 174 111.
1381 132 1383 134 ’
1438 130 1533 176 143

75 223 154 264 ΒΕ.
192 224 255 265 Tu
273 225 306 264 si
324 239 437 265 meus
457 239 614 265 esses—
670 227 737 266 Sr.
778 226 852 266 Dis
871 227 1032 280 quidem
1053 241 1168 276 esses,
1191 229 1370 277 Demea;

74 292 135 331 Ac
154 296 264 331 tuam
283 306 368 332 rem
388 293 687 333 constabilisses.
772 293 850 333 Du.
890 294 1086 346 Exemplo
1106 295 1289 334 omnibus

72 357 262 397 Curarem
279 363 325 398 ut
343 372 459 399 esses.
517 360 583 398 SY.
606 360 904 405 Quamobrem?
923 360 1019 412 quid
1037 360 1146 399 feci?
1200 361 1279 400 DE.
1303 361 1459 413 Rogas?
1485 365 1529 400 10

71 422 120 461 In
139 423 225 476 ipsa
244 425 368 473 turba,
390 430 507 478 atque
526 425 569 465 in
587 431 750 479 peccato
769 439 970 475 maxumo,

68 490 186 534 Quod
203 491 272 531 vix
291 493 471 533 sedatum
489 493 583 532 satis
603 499 672 542 est,
692 493 848 546 potasti,
870 493 1008 541 scelus,

67 557 189 601 Qua-si
207 572 249 598 re
269 559 370 599 bene
389 566 513 612 gesta.
598 560 664 599 ΒΥ.
705 560 808 599 Sane
827 559 976 599 nollem
994 559 1072 600 huc
1092 558 1257 599 exitum.

469 758 644 798 ACTUS
694 759 743 798 V.
838 759 1019 799 SCENA
1069 760 1129 799 ΙΙ.

504 861 672 902 Duouo.
717 861 863 901 Simus.
908 861 1077 900 DEMEA.

24 976 33 981 ⁴·
58 964 139 1004 Dn-
181 963 308 1012 Heus,
331 963 439 1015 Syre,
460 970 576 1015 rogat
594 971 632 1002 te
653 961 851 1016 Ctesipho,
872 967 918 1002 ut
935 962 1086 1003 redeas.
1172 964 1239 1002 ΞΥ.
1280 963 1375 1004 Abi.

58 1030 136 1070 Da.
176 1029 284 1075 Quid
321 1027 602 1083 Ctesiphonem
638 1027 703 1069 hic
740 1029 904 1069 narrat?
987 1030 1054 1069 ΞΥ.
1104 1028 1185 1068 Nil.
1272 1029 1351 1070 DE.
1400 1029 1486 1069 Eho
1502 1031 1513 1070 .'

218 1095 421 1144 carnufex,

56 1163 127 1203 Est
146 1162 332 1216 Ctesipho
351 1162 484 1202 intus?
567 1162 634 1202 ΒΥ.
674 1161 768 1202 Non
789 1171 859 1202 est.
944 1162 1023 1202 DE.
1065 1162 1145 1202 Cur
1163 1162 1228 1203 hic
1248 1163 1454 1203 nominat?

55 1229 121 1268 SY.
162 1229 233 1268 Est
250 1228 350 1268 alius
369 1227 543 1282 quidam,
563 1228 818 1281 parasitaster
835 1228 1047 1282 paululus.

54 1296 210 1335 Nostin’
225 1296 241 1335 2
296 1296 375 1335 Da.
396 1296 491 1335 Jam
510 1295 630 1337 scibo.
688 1296 755 1336 ΒΥ.
777 1296 884 1341 Quid
903 1296 1017 1349 agis?
1037 1310 1114 1350 quo
1134 1296 1248 1336 abis?
1297 1297 1374 1337 DE.
1398 1297 1516 1337 Mitte

213 1376 291 1402 me.
1491 1367 1514 1404 5

53 1430 119 1468 ΒΥ.
159 1429 199 1468 N
202 1429 298 1478 oh,
287 1443 463 1482 mquam,
549 1429 629 1469 DE.
667 1428 761 1469 Non
779 1443 945 1469 manum
964 1430 1149 1478 abstines,
1169 1431 1383 1483 mastigia?

52 1497 119 1535 An
139 1495 210 1535 tibi
223 1496 310 1549 jam
328 1496 457 1536 mavis
475 1496 679 1536 cerebrum
699 1496 923 1550 dispergam
941 1496 1034 1536 hic?
1118 1499 1184 1538 Sv.
1225 1499 1334 1538 Abit.

50 1561 204 1615 Edepol
223 1562 517 1602 comissatorem
535 1561 644 1601 haud
662 1575 757 1603 sane
777 1563 1043 1612 commodum,

52 1628 276 1669 Praesertim
297 1628 527 1682 Ctesiphoni
544 1643 552 1668 ε
584 1629 679 1681 quid
697 1642 771 1682 ego
789 1642 896 1669 nunc
916 1631 1064 1682 agam?

50 1695 139 1734 Nisi
157 1695 253 1735 dum
271 1694 336 1734 hae
355 1694 543 1735 silescunt
562 1695 700 1741 turbae,
721 1695 871 1734 interea
890 1695 932 1735 in
951 1695 1144 1749 angulum
1464 1701 1512 1737 10

50 1762 198 1815 Aliquo
217 1762 369 1812 abeam,
391 1767 509 1816 atque
530 1762 789 1802 edormiscam
807 1761 883 1802 hoc
903 1762 1012 1803 villi:
1042 1764 1097 1803 sic
1117 1778 1247 1818 agam.

471 1959 648 1999 ACTUS
679 1959 728 1998 V.
788 1959 971 2023 SCENA}
1001 1960 1083 2001 ΙΙΙ.

593 2062 740 2102 M1c1o.
798 2063 966 2103 Damna,

47 2166 123 2206 M1.
163 2166 308 2206 Parata
326 2179 350 2206 a
368 2165 482 2205 nobis
501 2170 604 2214 sunt,
624 2165 681 2206 ita
698 2171 744 2205 ut
763 2165 857 2215 dixi,
881 2166 1066 2216 Sostrata,

45 2234 126 2274 Ubi
144 2234 225 2274 vis:
256 2234 439 2286 quisnam
458 2247 482 2272 a
501 2247 565 2272 me
584 2233 740 2286 pepulit
758 2239 841 2273 tam
859 2234 1033 2286 graviter
1050 2235 1184 2276 fores?

46 2301 123 2340 Da.
164 2301 245 2340 Hei
276 2301 375 2340 mihi
391 2301 400 2340 !
440 2301 536 2353 quid
561 2300 735 2340 faciam?
772 2300 868 2354 quid
900 2302 1046 2355 agam?
1082 2303 1179 2356 quid
1206 2304 1403 2346 clamem?
1439 2314 1507 2347 aut

205 2382 347 2421 querar
360 2368 376 2407 2

46 2436 83 2475 Ο
103 2434 261 2482 coelum,
285 2436 321 2474 Ο
341 2440 456 2483 terra,
479 2435 514 2473 O
534 2434 661 2474 maria
680 2434 873 2488 Neptuni.
959 2437 1036 2477 M1.
1078 2438 1188 2479 Hem
1207 2439 1304 2480 tibi!

46 2501 221 2541 Rescivit
239 2515 400 2541 omnem
418 2515 502 2540 rem
518 2515 526 2540 :
556 2501 597 2541 id
616 2515 723 2541 nunc
744 2501 891 2542 clamat
909 2503 1081 2543 scilicet:
1479 2512 1502 2547 5

46 2569 200 2609 Paratae
218 2569 329 2608 lites:
364 2569 735 2609 succurrendum'st.
821 2570 899 2609 Dn.
941 2570 1103 2621 Eccum,
1125 2572 1236 2614 adest

46 2635 276 2675 Communis
295 2635 516 2689 corruptela
533 2641 712 2675 nostrum
731 2636 914 2677 liberum.

46 2701 122 2742 Μι.
155 2702 335 2742 Tandem
354 2702 524 2754 reprime
545 2702 802 2751 iracundiam,
824 2708 942 2756 atque
963 2705 1014 2744 ad
1033 2710 1071 2744 te
1090 2706 1186 2745 redi.

45 2766 122 2806 Da.
162 2767 356 2820 Repressi‚
378 2767 488 2815 redii,
508 2767 624 2807 mitto
642 2767 852 2808 maledicta
873 2770 1029 2810 omnia:

47 2832 147 2872 Rem
166 2832 292 2886 ipsam
310 2839 494 2885 putemus
512 2847 521 2872 ε
557 2833 706 2873 dictum
724 2834 829 2873 inter
847 2848 919 2874 nos
938 2836 1013 2875 hoc
1031 2838 1118 2886 fuit,
1457 2844 1503 2881 10
