1670 3080
127 114 157 159 8
746 138 960 170 ANDRIA.

570 285 745 324 ACTUS
777 286 808 325 Ι.
868 286 1047 326 SCENA
1079 286 1141 326 11.

692 382 809 421 Smo.
867 382 1024 422 Davus.

124 484 179 522 81.
220 483 311 523 Non
332 483 495 524 dubium
513 484 568 533 ’st,
591 485 686 538 quin
706 499 871 525 uxorem
889 485 989 525 nolit
1007 486 1135 526 filius:

126 551 185 590 Ita
205 551 363 590 Davom
382 551 500 591 modo
519 551 658 591 timere
678 552 792 600 sensi,
813 552 882 591 ubi
900 552 1060 605 nuptias

121 616 290 656 Futuras
311 630 393 656 esse
413 617 588 656 audivit:
618 617 688 657 sed
706 617 790 670 ipse
811 618 894 657 exit
910 618 1027 657 foras.

120 682 200 721 DA.
239 682 417 722 Mirabar
435 682 511 722 hoc
530 683 562 722 si
581 683 636 722 sic
656 683 782 722 abiret
798 697 806 721 :
837 688 877 722 et
894 682 980 723 heri
999 697 1156 738 semper
1174 684 1317 726 lenitas

120 750 298 789 Verebar
317 763 503 802 quorsum
524 750 709 789 evaderet
725 764 734 788 ε
1551 758 1577 796 5

118 817 197 860 Qui
215 822 425 870 postquam
445 817 633 866 audierat,
654 830 736 856 non
755 817 893 857 datum
913 818 962 857 iri
980 818 1061 858 filio
1079 833 1244 860 uxorem
1264 834 1345 871 suo,

118 882 337 936 Nunquam
357 883 542 936 cuiquam
562 888 740 923 nostrum
760 885 925 924 verbum
945 885 1049 934 fecit,
1071 899 1200 939 neque
1221 887 1263 927 id
1281 901 1387 942 aegre
1407 889 1507 929 tulit.

118 949 174 987 81.
206 950 263 988 At
281 962 388 988 nunc
407 949 549 998 faciet;
580 963 722 1002 neque,
743 955 788 989 ut
807 950 957 1003 opinor,
978 951 1063 990 sine
1082 957 1150 991 tuo
1169 966 1318 1006 magno
1335 954 1454 995 malo.

119 1015 198 1054 DA.
230 1015 280 1054 Id
298 1015 433 1065 voluit,
455 1030 527 1055 nos
545 1016 600 1055 sic
618 1030 693 1055 nec
714 1016 920 1069 opinantes
940 1017 1031 1057 duci
1050 1018 1150 1058 falso
1168 1020 1326 1072 gaudio.

119 1082 330 1134 Sperantes
345 1082 430 1134 jam
451 1087 583 1121 amoto
601 1087 723 1131 metu,
744 1083 896 1122 interea
915 1084 1125 1124 oscitantes
1145 1087 1326 1139 opprimi,
1527 1091 1577 1128 10

116 1147 172 1186 Ut
190 1161 241 1186 ne
262 1153 363 1187 esset
382 1148 553 1200 spatium
573 1148 773 1200 cogitandi
793 1148 844 1188 ad
863 1148 1138 1190 disturbandas
1156 1152 1316 1204 nuptias
1332 1167 1341 1190 ;

116 1214 283 1254 Astute!
370 1214 425 1253 81.
464 1214 676 1264 Carnufex,
699 1228 788 1267 quae
807 1215 1009 1268 loquitur?
1082 1217 1161 1256 DA.
1203 1218 1336 1258 Herus
1357 1225 1425 1268 est,
1446 1234 1577 1273 neque

278 1280 542 1333 provideram.

115 1350 170 1388 81.
203 1347 327 1386 Dave.
372 1346 452 1386 DA.
484 1347 604 1396 Hem,
623 1347 718 1399 quid
732 1349 820 1387 est?
876 1349 928 1388 Si.
961 1349 1143 1389 Ehodum
1159 1351 1211 1390 ad
1221 1365 1298 1391 me.
1357 1352 1436 1392 DA.
1469 1354 1577 1398 Quid

275 1413 338 1454 hic
357 1412 469 1453 volt?
538 1412 594 1450 81.
625 1410 732 1455 Quid
750 1411 836 1450 ais?
898 1411 978 1451 DA.
1007 1414 1097 1457 Qua
1116 1413 1165 1452 de
1183 1415 1256 1453 re?
1318 1415 1374 1454 81.
1412 1416 1576 1470 Rogas?

115 1479 255 1520 Meum
273 1485 439 1533 gnatum
459 1491 594 1517 rumor
613 1483 671 1516 est
689 1491 836 1517 amare.
902 1478 980 1517 DA.
1020 1476 1069 1518 Id
1086 1479 1254 1533 populus
1273 1487 1384 1522 curat
1402 1481 1577 1523 seilicet!

114 1549 169 1586 81.
201 1546 382 1587 Hoccine
409 1545 504 1598 agis,
534 1558 586 1584 311
612 1545 724 1584 non?
779 1545 859 1584 DA.
891 1545 977 1597 Ego
997 1559 1091 1584 vero
1109 1545 1221 1586 istuc.
1280 1547 1338 1587 S1.
1371 1548 1448 1588 Sed
1467 1562 1575 1601 nunc

274 1627 322 1653 ea
339 1626 405 1652 me
426 1612 643 1665 exquirere,
1521 1608 1573 1655 15

113 1679 248 1732 Iniqui
265 1678 387 1732 patris
406 1683 465 1718 est
481 1692 489 1717 :
519 1691 626 1726 nam,
649 1677 754 1730 quod
772 1677 941 1717 antehac
961 1678 1067 1728 fecit,
1087 1678 1189 1718 nihil
1208 1680 1262 1719 ad
1279 1694 1344 1720 me
1364 1681 1517 1721 attinet.

114 1747 223 1785 Dum
242 1751 399 1799 tempus
419 1745 471 1785 ad
490 1759 578 1785 eam
598 1758 683 1784 rem
703 1744 804 1793 tulit,
827 1744 900 1784 sivi
919 1745 1162 1785 animumut
1180 1746 1358 1801 expleret
1375 1761 1490 1789 suum
1507 1762 1516 1787 :

115 1814 232 1852 Nunc
251 1813 315 1853 hic
335 1813 418 1852 dies
437 1812 556 1852 aliam
577 1812 699 1851 vitam
719 1811 845 1860 affert,
866 1812 963 1852 alios
981 1826 1110 1852 mores
1128 1813 1312 1867 postulat.

113 1880 270 1919 Dehinc
289 1879 455 1932 postulo,
486 1879 567 1918 sive
595 1891 755 1931 aequum
777 1878 835 1926 'st,
866 1884 904 1917 te
926 1892 1006 1927 oro,
1037 1879 1165 1928 Dave,
1193 1885 1238 1919 ut
1262 1880 1400 1920 redeat
1418 1879 1504 1933 jam
1530 1881 1589 1920 111.

278 1959 395 1985 viam.

115 2013 191 2052 DA.
226 2013 314 2052 Hoc
344 2012 440 2065 quid
468 2011 546 2051 sit?
603 2012 658 2051 81.
700 2012 863 2060 Omnes,
895 2011 963 2064 qui
990 2017 1139 2061 amant,
1172 2013 1347 2065 graviter
1379 2013 1452 2053 sibi
1488 2014 1572 2054 dari

273 2092 439 2119 uxorem
458 2079 602 2118 ferunt.
638 2128 646 2132 ¹
1519 2083 1573 2120 20

114 2146 192 2184 DA.
232 2146 296 2184 Ita
324 2145 445 2184 aiunt.
532 2145 587 2184 S1.
625 2144 729 2184 Tum
758 2143 791 2183 si
819 2144 906 2196 quis
923 2143 1158 2197 magistrum
1177 2144 1281 2198 cepit
1307 2145 1360 2185 ad
1379 2158 1467 2185 eam
1485 2159 1570 2186 rem

274 2212 509 2264 improbum,

115 2278 252 2331 Ipsum
265 2278 443 2317 animum
458 2283 650 2330 aegrotum
663 2277 715 2317 ad
727 2276 960 2317 deteriorem
971 2282 1127 2330 partem
1138 2276 1372 2330 plerumque
1386 2277 1570 2331 applicat.
1632 2323 1640 2334 Ἴ,

114 2345 192 2383 ΒΑ.
224 2345 316 2383 Νο11
337 2344 468 2384 hercle
487 2345 676 2397 intelligo.
753 2344 808 2382 81.
847 2343 970 2382 Non?
997 2343 1103 2382 hem.
1167 2343 1248 2382 DA.
1278 2343 1406 2403 Non:
1437 2343 1574 2385 Davus
1636 2381 1656 2407 Ἴ,

274 2424 373 2459 sum,
394 2424 475 2449 non
497 2410 677 2463 OEdipus,

115 2476 170 2514 81.
210 2476 366 2529 Nempe
391 2489 483 2527 ergo
505 2481 638 2528 aperte
655 2474 726 2523 vis,
752 2488 840 2526 quae
865 2479 1026 2522 restant,
1050 2486 1115 2513 me
1133 2472 1270 2526 loqui?
1342 2473 1423 2514 DA.
1463 2473 1567 2514 Sane
1628 2456 1653 2534 gt}

282 2542 456 2594 quidem.

117 2608 172 2646 81.
204 2607 245 2645 81
265 2620 421 2646 sensero
439 2606 556 2646 hodie
577 2607 790 2659 quicquam
808 2606 850 2645 in
870 2605 932 2645 his
951 2610 990 2645 te
1009 2603 1160 2658 nuptiis
1519 2608 1571 2645 25
1623 2604 1642 2622 ”

117 2673 300 2712 Fallaciae
321 2672 464 2720 conari,
488 2686 565 2724 quo
583 2672 683 2711 fiant
700 2672 832 2712 minus
847 2686 857 2721 3

118 2740 202 2778 Aut
219 2738 320 2777 velle
338 2738 381 2776 in
401 2751 447 2776 ea
466 2751 507 2775 re
528 2737 692 2784 ostendi,
714 2750 834 2789 quam
854 2736 906 2775 sis
924 2735 1088 2776 callidus
1105 2749 1114 2774 :

118 2803 356 2843 Verberibus
375 2816 521 2842 caesum
542 2807 579 2841 te
598 2802 639 2840 111
659 2801 880 2854 pistrinum,
903 2802 1028 2849 Dave,
1046 2800 1188 2840 dedam
1207 2813 1330 2852 usque
1348 2799 1401 2841 ad
1418 2813 1570 2850 necem,
